<html lang="en"><head nonce="EhOjbfoobDQh-YNV"><link href="//dis.criteo.com" rel="dns-prefetch"/><link href="//ib.adnxs.com" rel="dns-prefetch"/><link href="//secure-assets.rubiconproject.com" rel="dns-prefetch"/><link href="//beam.hlserve.com" rel="dns-prefetch"/><link href="//pubads.g.doubleclick.net" rel="dns-prefetch"/><link href="//omniture-ssl.walmart.com" rel="dns-prefetch"/><link href="//omniture.walmart.com" rel="dns-prefetch"/><link href="//p.typekit.net" rel="dns-prefetch"/><link href="//pagead2.googlesyndication.com" rel="dns-prefetch"/><link href="//partner.googleadservices.com" rel="dns-prefetch"/><link href="//tpc.googlesyndication.com" rel="dns-prefetch"/><link href="//beacon.walmart.com" rel="dns-prefetch"/><link href="//b.wal.co" rel="dns-prefetch"/><link href="//i5.wal.co" rel="dns-prefetch"/><link href="//i5.walmartimages.com" rel="dns-prefetch"/><meta content="width=device-width" name="viewport"/><meta charset="utf-8"/><meta content="105223049547814" property="fb:app_id"/><link as="font" crossorigin="anonymous" href="https://i5.walmartimages.com/dfw/63fd9f59-a78c/fcfae9b6-2f69-4f89-beed-f0eeb4237946/v1/BogleWeb_subset-Bold.woff2" rel="preload" type="font/woff2"/><link as="font" crossorigin="anonymous" href="https://i5.walmartimages.com/dfw/63fd9f59-a78c/fcfae9b6-2f69-4f89-beed-f0eeb4237946/v1/BogleWeb_subset-Regular.woff2" rel="preload" type="font/woff2"/><title>Chips – Walmart.com</title><meta content="Shop for Chips at Walmart.com and choose from popular chip brands like Lay's, Frito-Lay, Doritos, Cheetos, and Ruffles for less. Save money. Live better." name="description"/><link href="https://www.walmart.com/browse/food/chips/976759_976787_1001390" rel="canonical"/><meta content="https://www.walmart.com/browse/food/chips/976759_976787_1001390" property="og:url"/><meta content="Shop for Chips at Walmart.com and choose from popular chip brands like Lay's, Frito-Lay, Doritos, Cheetos, and Ruffles for less. Save money. Live better." property="og:description"/><meta content="Chips – Walmart.com" property="og:title"/><meta content="https://i5.walmartimages.com/asr/77fae496-d0a6-4289-8f33-2496553175d6.73408a2f420a364571a0a0104663be4e.jpeg?odnHeight=180&amp;odnWidth=180&amp;odnBg=FFFFFF" property="og:image"/><meta content="Website" property="og:type"/><meta content="Walmart.com" property="og:site_name"/><script nonce="EhOjbfoobDQh-YNV" type="application/ld+json">{"@context":"https://schema.org","@type":"BreadcrumbList","itemListElement":[{"@type":"ListItem","position":1,"item":{"@type":"Thing","@id":"https://www.walmart.com/cp/food/976759","name":"Food"}},{"@type":"ListItem","position":2,"item":{"@type":"Thing","@id":"https://www.walmart.com/cp/snacks-cookies-chips/976787","name":"Snacks, Cookies & Chips"}},{"@type":"ListItem","position":3,"item":{"@type":"Thing","@id":"https://www.walmart.com/cp/chips/1001390","name":"Chips"}}]}</script><meta content="15" name="next-head-count"/><link as="style" href="https://i5.wal.co/dfw/63fd9f59-a745/9f24657f-1aa3-4e02-b75b-0963d3d7f75f/v2/en-US/_next/static/css/dfea8540a3113e557506.css-10fe2ea941a73592bfc7c12b4679d81601027c34-br.css" nonce="EhOjbfoobDQh-YNV" rel="preload"/><link data-n-g="" href="https://i5.wal.co/dfw/63fd9f59-a745/9f24657f-1aa3-4e02-b75b-0963d3d7f75f/v2/en-US/_next/static/css/dfea8540a3113e557506.css-10fe2ea941a73592bfc7c12b4679d81601027c34-br.css" nonce="EhOjbfoobDQh-YNV" rel="stylesheet"/><noscript data-n-css="EhOjbfoobDQh-YNV"></noscript><script defer="" nomodule="" nonce="EhOjbfoobDQh-YNV" src="https://i5.wal.co/dfw/63fd9f59-a745/9f24657f-1aa3-4e02-b75b-0963d3d7f75f/v2/en-US/_next/static/chunks/polyfills-22f49077a08c8b727a92.js-6b3f14e2c03c7186835313a34a9cd03c3e5d3f90-br.js"></script><script defer="" nonce="EhOjbfoobDQh-YNV" src="https://i5.wal.co/dfw/63fd9f59-a745/9f24657f-1aa3-4e02-b75b-0963d3d7f75f/v2/en-US/_next/static/chunks/63446.b445a8ae64526eb70887.js-ab2988596ee133e501689ab6df0b9f283308b627-br.js"></script><script defer="" nonce="EhOjbfoobDQh-YNV" src="https://i5.wal.co/dfw/63fd9f59-a745/9f24657f-1aa3-4e02-b75b-0963d3d7f75f/v2/en-US/_next/static/chunks/46445.91369c9efaf8367e00d9.js-3762ee4f07058bfe3e64e104c54dbada3a1c7215-br.js"></script><script defer="" nonce="EhOjbfoobDQh-YNV" src="https://i5.wal.co/dfw/63fd9f59-a745/9f24657f-1aa3-4e02-b75b-0963d3d7f75f/v2/en-US/_next/static/chunks/81410.676fcb04b6578623054b.js-1c582f4c9d7044dae0c942e5c213d98ec77323cb-br.js"></script><script defer="" nonce="EhOjbfoobDQh-YNV" src="https://i5.wal.co/dfw/63fd9f59-a745/9f24657f-1aa3-4e02-b75b-0963d3d7f75f/v2/en-US/_next/static/chunks/35404.d9c1d93b8aa86928893f.js-4056504d23aecb3ec7e9e0e89142b4f6fd5cab22-br.js"></script><script defer="" nonce="EhOjbfoobDQh-YNV" src="https://i5.wal.co/dfw/63fd9f59-a745/9f24657f-1aa3-4e02-b75b-0963d3d7f75f/v2/en-US/_next/static/chunks/49966.2a7dba44eab6209c1f01.js-fe21e6461e09019afde17c3894e2160ae0e0ea4b-br.js"></script><script defer="" nonce="EhOjbfoobDQh-YNV" src="https://i5.wal.co/dfw/63fd9f59-a745/9f24657f-1aa3-4e02-b75b-0963d3d7f75f/v2/en-US/_next/static/chunks/73045.31ea922942b314a3f860.js-ee2a85503827e7242002b470ac2b294a4a0254a9-br.js"></script><script defer="" nonce="EhOjbfoobDQh-YNV" src="https://i5.wal.co/dfw/63fd9f59-a745/9f24657f-1aa3-4e02-b75b-0963d3d7f75f/v2/en-US/_next/static/chunks/1354.91c4186980e12c198521.js-90c085aaad8865890590d9d91ef6b20ad4515b0a-br.js"></script><script defer="" nonce="EhOjbfoobDQh-YNV" src="https://i5.wal.co/dfw/63fd9f59-a745/9f24657f-1aa3-4e02-b75b-0963d3d7f75f/v2/en-US/_next/static/chunks/25200.37173791ae005b06e2ec.js-3c1738c0d26bfe3137671d8949f7e1ba441a1e2d-br.js"></script><script defer="" nonce="EhOjbfoobDQh-YNV" src="https://i5.wal.co/dfw/63fd9f59-a745/9f24657f-1aa3-4e02-b75b-0963d3d7f75f/v2/en-US/_next/static/chunks/8554-010f2954ea4402e74f6b.js-61cd444979da84c9035127c1ccff29c464268899-br.js"></script><script defer="" nonce="EhOjbfoobDQh-YNV" src="https://i5.wal.co/dfw/63fd9f59-a745/9f24657f-1aa3-4e02-b75b-0963d3d7f75f/v2/en-US/_next/static/chunks/82453.48bda2d5e443adfe5a98.js-027a89a7c4bd8ab3d860e0b2333a160d5acefe56-br.js"></script><script defer="" nonce="EhOjbfoobDQh-YNV" src="https://i5.wal.co/dfw/63fd9f59-a745/9f24657f-1aa3-4e02-b75b-0963d3d7f75f/v2/en-US/_next/static/chunks/44616.e2e97d91b4998ac4a678.js-e29f8dc359e3e5904cc102bc2b2e0f3e67e60c41-br.js"></script><script defer="" nonce="EhOjbfoobDQh-YNV" src="https://i5.wal.co/dfw/63fd9f59-a745/9f24657f-1aa3-4e02-b75b-0963d3d7f75f/v2/en-US/_next/static/chunks/webpack-358d8e37c3f59b9250c6.js-fe469be3f2b3dfcb4af7dfaef48535c1d7d25716-br.js"></script><script defer="" nonce="EhOjbfoobDQh-YNV" src="https://i5.wal.co/dfw/63fd9f59-a745/9f24657f-1aa3-4e02-b75b-0963d3d7f75f/v2/en-US/_next/static/chunks/main-69568291252d58120936.js-90603ecd0ffafdfe3fa2d0a2d7222954fad12349-br.js"></script><script defer="" nonce="EhOjbfoobDQh-YNV" src="https://i5.wal.co/dfw/63fd9f59-a745/9f24657f-1aa3-4e02-b75b-0963d3d7f75f/v2/en-US/_next/static/chunks/pages/_app-2fd9c0443808238ece3a.js-f111813ac979e69d492a88b1fd513315ecca76ce-br.js"></script><script defer="" nonce="EhOjbfoobDQh-YNV" src="https://i5.wal.co/dfw/63fd9f59-a745/9f24657f-1aa3-4e02-b75b-0963d3d7f75f/v2/en-US/_next/static/chunks/50329-a6eef8d87d6c7e7b8063.js-bb17d3e7c24ff99fe714b33642c514c371d721ec-br.js"></script><script defer="" nonce="EhOjbfoobDQh-YNV" src="https://i5.wal.co/dfw/63fd9f59-a745/9f24657f-1aa3-4e02-b75b-0963d3d7f75f/v2/en-US/_next/static/chunks/42121-9e7148d007f15f7aa0cc.js-506d51ed76d982dc1f3d3c2a7f79aebd28d9b781-br.js"></script><script defer="" nonce="EhOjbfoobDQh-YNV" src="https://i5.wal.co/dfw/63fd9f59-a745/9f24657f-1aa3-4e02-b75b-0963d3d7f75f/v2/en-US/_next/static/chunks/4128-498762b51a3abd1bc7eb.js-db0fd54458df6b2f2f62b136378e8481704f9f17-br.js"></script><script defer="" nonce="EhOjbfoobDQh-YNV" src="https://i5.wal.co/dfw/63fd9f59-a745/9f24657f-1aa3-4e02-b75b-0963d3d7f75f/v2/en-US/_next/static/chunks/54281-f7eebc3a8d6272c28de2.js-942ebe7bdaa7baa7dd033de4c940538381eaaf67-br.js"></script><script defer="" nonce="EhOjbfoobDQh-YNV" src="https://i5.wal.co/dfw/63fd9f59-a745/9f24657f-1aa3-4e02-b75b-0963d3d7f75f/v2/en-US/_next/static/chunks/28399-03615ee86784dd9c7c82.js-4dea429def36ce0e3b12b616d5a572e1ec4af2fe-br.js"></script><script defer="" nonce="EhOjbfoobDQh-YNV" src="https://i5.wal.co/dfw/63fd9f59-a745/9f24657f-1aa3-4e02-b75b-0963d3d7f75f/v2/en-US/_next/static/chunks/32972-4bdf0bbd2a6666b2e358.js-d7203038545c2df7ec29c0120ba5b50c5ed8e747-br.js"></script><script defer="" nonce="EhOjbfoobDQh-YNV" src="https://i5.wal.co/dfw/63fd9f59-a745/9f24657f-1aa3-4e02-b75b-0963d3d7f75f/v2/en-US/_next/static/chunks/1703-3ed2f9abef1d24d5bbeb.js-4ac21a358fa8ce573601345e4b985de9fc3db01b-br.js"></script><script defer="" nonce="EhOjbfoobDQh-YNV" src="https://i5.wal.co/dfw/63fd9f59-a745/9f24657f-1aa3-4e02-b75b-0963d3d7f75f/v2/en-US/_next/static/chunks/25330-82475aea6153902aa640.js-ea11ee0a8817ac069387b9a123946a6b33f42b95-br.js"></script><script defer="" nonce="EhOjbfoobDQh-YNV" src="https://i5.wal.co/dfw/63fd9f59-a745/9f24657f-1aa3-4e02-b75b-0963d3d7f75f/v2/en-US/_next/static/chunks/75282-423249e54a5a1b551140.js-91e1d4dc2fac49c0fc251f8a71b1bf15dcea00ed-br.js"></script><script defer="" nonce="EhOjbfoobDQh-YNV" src="https://i5.wal.co/dfw/63fd9f59-a745/9f24657f-1aa3-4e02-b75b-0963d3d7f75f/v2/en-US/_next/static/chunks/pages/browse/%5B...seo%5D-1c4b136ead344d8f1f14.js-11372db7dca100e3f983864dc27588c07e680ca8-br.js"></script><script defer="" nonce="EhOjbfoobDQh-YNV" src="https://i5.wal.co/dfw/63fd9f59-a745/9f24657f-1aa3-4e02-b75b-0963d3d7f75f/v2/en-US/_next/static/production_20220429T000259073Z-en-US/_buildManifest.js-5caae1cda5b961b44f228b5c33ded84aa90f4581-br.js"></script><script defer="" nonce="EhOjbfoobDQh-YNV" src="https://i5.wal.co/dfw/63fd9f59-a745/9f24657f-1aa3-4e02-b75b-0963d3d7f75f/v2/en-US/_next/static/production_20220429T000259073Z-en-US/_ssgManifest.js-27ec6f2eaf2544fd8b9db0b67a28559ff00a7093-gzip.js"></script><script nonce="EhOjbfoobDQh-YNV">var TBRewriteHostAltWeight = 10.000000;</script><script async="" src="https://beacon.walmart.com/rum.js?bh=beacon.lightestwithqm.walmart.com" type="text/javascript"></script><script async="async" defer="defer" nonce="EhOjbfoobDQh-YNV" src="https://i5.wal.co/a14/capabilities.min.js-2dcc7ebc7e7196f449647a3f03c4cec76f3aae99-br.js"></script><link as="script" href="https://i5.walmartimages.com/dfw/63fd9f59-a745/9f24657f-1aa3-4e02-b75b-0963d3d7f75f/v2/en-US/_next/static/chunks/50329-a6eef8d87d6c7e7b8063.js" rel="prefetch"/><link as="script" href="https://i5.walmartimages.com/dfw/63fd9f59-a745/9f24657f-1aa3-4e02-b75b-0963d3d7f75f/v2/en-US/_next/static/chunks/64831-1aeab1400aa0b2e6d51f.js" rel="prefetch"/><link as="script" href="https://i5.walmartimages.com/dfw/63fd9f59-a745/9f24657f-1aa3-4e02-b75b-0963d3d7f75f/v2/en-US/_next/static/chunks/61930-6d3e58c1cd565301a5b3.js" rel="prefetch"/><link as="script" href="https://i5.walmartimages.com/dfw/63fd9f59-a745/9f24657f-1aa3-4e02-b75b-0963d3d7f75f/v2/en-US/_next/static/chunks/28330-a6f083212c66c616e3ba.js" rel="prefetch"/><link as="script" href="https://i5.walmartimages.com/dfw/63fd9f59-a745/9f24657f-1aa3-4e02-b75b-0963d3d7f75f/v2/en-US/_next/static/chunks/15795-b6989e0b80020fd46445.js" rel="prefetch"/><link as="script" href="https://i5.walmartimages.com/dfw/63fd9f59-a745/9f24657f-1aa3-4e02-b75b-0963d3d7f75f/v2/en-US/_next/static/chunks/40155-2018245085b96614abb7.js" rel="prefetch"/><link as="script" href="https://i5.walmartimages.com/dfw/63fd9f59-a745/9f24657f-1aa3-4e02-b75b-0963d3d7f75f/v2/en-US/_next/static/chunks/29458-5e159c6fa91e1429fefb.js" rel="prefetch"/><link as="script" href="https://i5.walmartimages.com/dfw/63fd9f59-a745/9f24657f-1aa3-4e02-b75b-0963d3d7f75f/v2/en-US/_next/static/chunks/80736-7422691df2fd15a70e6f.js" rel="prefetch"/><link as="script" href="https://i5.walmartimages.com/dfw/63fd9f59-a745/9f24657f-1aa3-4e02-b75b-0963d3d7f75f/v2/en-US/_next/static/chunks/91016-f6e4ac38800c04a6ae45.js" rel="prefetch"/><link as="script" href="https://i5.walmartimages.com/dfw/63fd9f59-a745/9f24657f-1aa3-4e02-b75b-0963d3d7f75f/v2/en-US/_next/static/chunks/54702-ef70286e8513121da245.js" rel="prefetch"/><link as="script" href="https://i5.walmartimages.com/dfw/63fd9f59-a745/9f24657f-1aa3-4e02-b75b-0963d3d7f75f/v2/en-US/_next/static/chunks/62416.e070080991c922d517b8.js" rel="prefetch"/><link as="script" href="https://i5.walmartimages.com/dfw/63fd9f59-a745/9f24657f-1aa3-4e02-b75b-0963d3d7f75f/v2/en-US/_next/static/chunks/67820-a7a5497773b5a2119e50.js" rel="prefetch"/><link as="script" href="https://i5.walmartimages.com/dfw/63fd9f59-a745/9f24657f-1aa3-4e02-b75b-0963d3d7f75f/v2/en-US/_next/static/chunks/61749-d883f1b5c3119324a451.js" rel="prefetch"/><link as="script" href="https://i5.walmartimages.com/dfw/63fd9f59-a745/9f24657f-1aa3-4e02-b75b-0963d3d7f75f/v2/en-US/_next/static/chunks/79930.c95b602e932211a7f2b7.js" rel="prefetch"/><link as="script" href="https://i5.walmartimages.com/dfw/63fd9f59-a745/9f24657f-1aa3-4e02-b75b-0963d3d7f75f/v2/en-US/_next/static/chunks/57932.ae9b01441e6c43799071.js" rel="prefetch"/><link href="https://i5.walmartimages.com/dfw/63fd9f59-a745/9f24657f-1aa3-4e02-b75b-0963d3d7f75f/v2/en-US/_next/static/css/dfea8540a3113e557506.css" rel="stylesheet" type="text/css"/><script async="" src="https://b.wal.co/rum-mappings.js;tq_F3BIb9IQlPI+HLHRntWk3hX8=?bh=beacon.lightestwithqm.walmart.com" type="text/javascript"></script><script async="" defer="" src="https://cdn.quantummetric.com/qscripts/quantum-walmart.js" type="text/javascript"></script><iframe src="https://cdn.quantummetric.com/workers/quantum-walmart-worker.html" style="display: none;"></iframe><iframe style="display: none;"></iframe></head><body><div id="__next"><div class=""><div class="flex flex-column min-vh-100 shadow-2" data-testid="layout-container" style="transform:none;transition:transform .2s"><span class="bg-blue sticky w-100 top-0 z-1" data-testid="global-header"><a class="slider skip-main bg-white-90" href="#maincontent" link-identifier="Generic Name">Skip to Main Content</a><header><div class="center flex items-center justify-center pa4"><a aria-label="Walmart Homepage" class="flex-none mr3" href="/" link-identifier="walmartLogo"><img alt="Walmart" class="db" height="32" loading="lazy" src="//i5.walmartimages.com/dfw/63fd9f59-b3e1/7a569e53-f29a-4c3d-bfaf-6f7a158bfadd/v1/walmartLogo.svg" width="130"/></a><section><div class="relative"><button aria-expanded="false" aria-haspopup="true" class="flex items-center no-underline ph3 white desktop-header-trigger lh-title b pointer ba b--transparent bg-transparent sans-serif" style="border-radius:100px;height:40px;transition:all 100ms cubic-bezier(0.77, 0, 0.175, 1)" type="button"><i aria-hidden="true" class="ld ld-Grid mr2" style="font-size:1rem;vertical-align:-0.175em"></i>Departments</button><div class="absolute bg-white br3 br--bottom left-0 lh-copy mt4 overflow-hidden shadow-1 dn" data-testid="departments-flyout" style="left: 50%; transform: none; margin-left: -135px; max-height: 216px;"><div><div class="flex"><div class="f6 overflow-auto" style="width: 246px; max-height: 216px; height: 100%;"><ul class="list ma0 pa0 pb3 pt4"></ul></div></div></div></div></div></section><section><div class="relative"><button aria-expanded="false" aria-haspopup="true" class="flex items-center no-underline ph3 white desktop-header-trigger lh-title b pointer ba b--transparent bg-transparent sans-serif" style="border-radius:100px;height:40px;transition:all 100ms cubic-bezier(0.77, 0, 0.175, 1)" type="button"><i aria-hidden="true" class="ld ld-Services mr2" style="font-size:1rem;vertical-align:-0.175em"></i>Services</button><div class="absolute bg-white br3 br--bottom left-0 lh-copy mt4 overflow-hidden shadow-1 dn" data-testid="services-flyout" style="left: 50%; transform: none; margin-left: -135px; max-height: 216px;"><div><div class="flex"><div class="f6 overflow-auto" style="width: 246px; max-height: 216px; height: 100%;"><ul class="list ma0 pa0 pb3 pt4"></ul></div></div></div></div></div></section><form action="/search" autocomplete="off" class="flex-auto ml3" role="search"><div class="flex flex-auto items-center relative"><input aria-activedescendant="" aria-label="Search" class="b--none f5 flex-auto lh-solid sans-serif br-pill" name="q" placeholder="Search everything at Walmart online and in store" style="height:40px;padding-left:1rem;padding-right:2.5rem" type="search" value=""/><button aria-hidden="true" aria-label="Clear search field text" class="absolute bn bg-transparent h-100 right-2" style="padding:0 0.75rem;cursor:pointer;opacity:0" tabindex="-1" type="reset"><i class="ld ld-Close" style="font-size:1rem;vertical-align:-0.175em"></i></button><button aria-label="Search icon" class="absolute bn br-100 bg-gold h3 w3" style="right:0.25rem;cursor:pointer"><i aria-hidden="true" class="ld ld-Search absolute" style="font-size:1rem;vertical-align:-0.175em;top:50%;left:50%;transform:translate(-50%, -50%)"></i></button></div></form><div class="ml3 relative"><a aria-expanded="false" aria-haspopup="true" class="flex items-center no-underline ph3 white desktop-header-trigger lh-title lh-solid" href="/my-items" link-identifier="Reorder my items" role="button" style="border-radius:100px;height:40px;transition:all 100ms cubic-bezier(0.77, 0, 0.175, 1)"><i aria-hidden="true" class="ld ld-Reorder" style="font-size:1rem;vertical-align:-0.175em"></i><div class="ml2 nowrap"><div class="f7 lh-title">Reorder</div><div class="b">My Items</div></div></a><div class="absolute bg-white br3 br--bottom left-0 lh-copy mt4 overflow-hidden shadow-1 dn" data-testid="my-items-flyout" style="left:50%;transform:translateX(-50%)"><div class="ph4 pt4 pb2"><a class="dark-gray db f6 no-underline nowrap desktop-header-flyout-link mb3" href="/my-items" link-identifier="Reorder"><i class="ld ld-Reorder mr2" style="font-size:1rem;vertical-align:-0.175em"></i>Reorder</a><a class="dark-gray db f6 no-underline nowrap desktop-header-flyout-link mb3" href="/lists" link-identifier="Lists"><i class="ld ld-Heart mr2" style="font-size:1rem;vertical-align:-0.175em"></i>Lists</a><a class="dark-gray db f6 no-underline nowrap desktop-header-flyout-link mb3" href="/my-registries" link-identifier="Registries"><i class="ld ld-Gift mr2" style="font-size:1rem;vertical-align:-0.175em"></i>Registries</a></div></div></div><div class="relative"><a aria-expanded="false" aria-haspopup="true" class="flex items-center no-underline ph3 white desktop-header-trigger lh-title lh-solid" href="/account/login?vid=oaoh" link-identifier="Account" role="button" style="border-radius:100px;height:40px;transition:all 100ms cubic-bezier(0.77, 0, 0.175, 1)"><i aria-hidden="true" class="ld ld-User" style="font-size:1rem;vertical-align:-0.175em"></i><div class="ml2 nowrap"><div class="f7 mw3 mw4-xl lh-title truncate">Sign In</div><div class="b">Account</div></div></a><div class="absolute bg-white br3 br--bottom left-0 lh-copy mt4 overflow-hidden shadow-1 dn" data-testid="account-flyout" style="left:50%;transform:translateX(-50%)"><div class="pa4"><button class="w_6 w_8 w_AC db mb3 w-100" type="button">Sign In</button><a class="no-underline" href="/account/signup?vid=oaoh" link-identifier="Create an account"><button class="w_6 w_9 w_AC db mb3 w-100" tabindex="-1" type="button">Create an account</button></a><hr aria-hidden="true" class="w_Ah mb3"/><a class="dark-gray db f6 no-underline nowrap desktop-header-flyout-link" href="/orders" link-identifier="Purchase History"><i class="ld ld-Receipt mr2" style="font-size:1rem;vertical-align:-0.175em"></i>Purchase History</a></div></div></div><div class="ml3" style="width:40px"><button aria-label="Cart contains 0 items" class="bn bg-transparent br2 db flex flex-column items-center pa0 pointer relative sans-serif white" id="cart-button-header" type="button"><i class="ld ld-Cart white" style="font-size:1.5rem;vertical-align:-0.25em"></i><span class="w_q w_y w_w absolute" id="cart-badge" style="left: 65%; bottom: 70%; padding: 0px 4px;">0</span><span class="db" style="font-size: 0.625rem;">$0.00</span></button></div></div></header></span><div aria-hidden="false" class="flex flex-column flex-auto relative z-0"><section class="bg-dark-blue white pv1" data-testid="location-banner"><div class="center items-center flex flex-auto ph3 ph4-m" style="line-height:2"><button class="w_6 w_AA w_AC white hover-white pa0 no-underline outline-onfocus" name="select-store-button" tabindex="0" type="button"><i class="ld ld-Store mr2" style="font-size:1rem;vertical-align:-0.175em"></i><span class="f7 f6-m underline pointer">Sacramento Supercenter</span></button><span class="mh2">|</span><button class="w_6 w_AA w_AC white hover-white pa0 no-underline truncate outline-onfocus" name="select-location-button" tabindex="0" type="button"><i class="ld ld-Location mr2" style="font-size:1rem;vertical-align:-0.175em"></i><span class="f7 f6-m underline pointer truncate">Sacramento, 95829</span></button><div class="sub-nav-link-container h3 flex-wrap justify-end cg-2 overflow-hidden flex-auto f6-m b"><a class="white no-underline highlight-focus-hover ph2" href="https://www.walmart.com/cp/1735450" link-identifier="Generic Name">Grocery</a><a class="white no-underline highlight-focus-hover ph2" href="https://www.walmart.com/cp/electronics/3944" link-identifier="Generic Name">Tech</a><a class="white no-underline highlight-focus-hover ph2" href="https://www.walmart.com/cp/clothing/5438" link-identifier="Generic Name">Fashion</a><a class="white no-underline highlight-focus-hover ph2" href="https://www.walmart.com/cp/home/4044" link-identifier="Generic Name">Home</a><a class="white no-underline highlight-focus-hover ph2" href="https://www.walmart.com/shop/all-gifts" link-identifier="Generic Name">Gifts for mom</a><a class="white no-underline highlight-focus-hover ph2" href="https://www.walmart.com/shop/deals" link-identifier="Generic Name">Deals</a><a class="white no-underline highlight-focus-hover ph2" href="https://www.walmart.com/shop/deals/flash-picks" link-identifier="Generic Name">Flash picks</a><a class="white no-underline highlight-focus-hover ph2" href="https://www.walmart.com/plus" link-identifier="Generic Name">Walmart+</a></div></div></section><div class="flex-auto relative z-1"><div class="center mw1280 main-content"><main class="overflow-hidden" data-ads-url="http://swag-wmt.prod.walmart.com/fs?prg=desktop&amp;query=&amp;cat_id=976759_976787_1001390&amp;_be_shelf_id=&amp;facet=&amp;page=2&amp;ps=10&amp;min_price=&amp;max_price=&amp;sort=best_match&amp;ptss=&amp;module_search=&amp;trsp=&amp;zipcode=95829&amp;stores=3081&amp;stateOrProvinceCode=CA&amp;latitude=38.4744&amp;longitude=-121.3437&amp;extended_zipcode=95829&amp;addressId=&amp;inCatchment=true&amp;pickupStore=3081&amp;deliveryStore=3081" data-sis-url="http://preso-usgm-wcnp.prod.walmart.com/v1/search?query=&amp;facet=&amp;stores=3081&amp;cat_id=976759_976787_1001390&amp;sort=best_match&amp;page=2&amp;min_price=&amp;max_price=&amp;_be_shelf_id=&amp;ptss=&amp;trsp=&amp;prg=desktop&amp;stateOrProvinceCode=CA&amp;ps=40&amp;zipcode=95829&amp;module_search=&amp;inCatchment=true&amp;latitude=38.4744&amp;longitude=-121.3437&amp;extended_zipcode=95829&amp;addressId=&amp;hidden_facet=&amp;pickupStore=3081&amp;deliveryStore=3081&amp;translation="><div class="flex flex-column h-100" data-testid="flex-container"><div class="h-100 relative"><div class="flex flex-column h-100" data-testid="flex-container"><div class="h-100 relative"><div class="overflow-x-auto nowrap hidesb hidesb-wk mr3"><nav aria-label="breadcrumb" class="pv3 pl3 ph4-xl"><ol class="w_e"><li class="w_f"><a class="w_h" href="/cp/food/976759" itemprop="item"><span itemprop="name">Food</span></a><span aria-hidden="true" class="w_g">/</span></li><li class="w_f"><a class="w_h" href="/cp/snacks-cookies-chips/976787" itemprop="item"><span itemprop="name">Snacks, Cookies &amp; Chips</span></a><span aria-hidden="true" class="w_g">/</span></li><li class="w_f"><a aria-current="location" class="w_h w_i" href="/cp/chips/1001390" itemprop="item"><span itemprop="name">Chips</span></a></li></ol></nav></div><hr aria-hidden="true" class="w_Ah"/><div class="w_CF pa0" id="BROWSE-SkylineDisplayAd-top"><span data-testid="UnfilledAd"></span></div> <h3 class="ma3 clip o-0">Services related to your search</h3><section><a class="flex items-center no-underline mh4 mt4" href="/browse/food/variety-pack-chips/976759_976787_1001390_9634100?povid=1096070_976787_SearchBanner_VarietyPack_ChipsBrowse" link-identifier="Variety Pack Chips" target="_blank"><div class="w_Z w_c flex flex-auto items-center pa4 bg-washed-blue"><img alt="Stock up with variety pack chips" aria-hidden="true" class="" height="56" loading="lazy" src="https://i5.walmartimages.com/dfw/4ff9c6c9-9cf9/k2-_550d2574-4e92-419e-ae35-87264cb49ee2.v1.png" width="56"/><div class="flex-auto mh4"><h4 class="b dark-gray mt0 f3 mb2 lh-solid">Variety Pack Chips</h4><div class="dark-gray f6">Individually packaged chips and snacks to take on the go!</div></div><span class="w_AM">Shop Now Variety Pack Chips</span><span aria-hidden="true" class="b black ba br4 b--black bg-white ph3 pv1">Shop Now</span></div></a></section> <section aria-label="Quick refinements" class="pv3"><div class="flex flex-column justify-center relative"><button aria-label="Previous slide for chipModule list" class="absolute dn z-999 bg-white br-100 pa0 pointer ba br-100 ba b--black nav-control left-1"><i class="ld ld-ChevronLeft" style="font-size:1.5rem;vertical-align:-0.25em;padding:12px"></i></button><ul class="list ma0 pl0 overflow-x-scroll hidesb hidesb-wk relative overflow-y-hidden pl3 spl3 pl4-xl" data-testid="carousel-container" style="display:flex;grid-auto-flow:column;scroll-snap-type:x mandatory;max-height:fit-content"><li aria-hidden="false" class="flex flex-column items-center" data-slide="0" style="scroll-snap-align: start;"><button class="w_As w_Av mr2" role="link" type="button">Takis</button></li><li aria-hidden="false" class="flex flex-column items-center" data-slide="1"><button class="w_As w_Av mr2" role="link" type="button">Doritos</button></li><li aria-hidden="false" class="flex flex-column items-center" data-slide="2"><button class="w_As w_Av mr2" role="link" type="button">Pringles</button></li><li aria-hidden="false" class="flex flex-column items-center" data-slide="3"><button class="w_As w_Av mr2" role="link" type="button">Funyuns</button></li><li aria-hidden="false" class="flex flex-column items-center" data-slide="4"><button class="w_As w_Av mr2" role="link" type="button">Ruffles</button></li><li aria-hidden="false" class="flex flex-column items-center" data-slide="5"><button class="w_As w_Av mr2" role="link" type="button">Fritos</button></li><li aria-hidden="false" class="flex flex-column items-center" data-slide="6"><button class="w_As w_Av mr2" role="link" type="button">Potato Chips</button></li><li aria-hidden="false" class="flex flex-column items-center" data-slide="7"><button class="w_As w_Av mr2" role="link" type="button">Tortilla Chips</button></li><li aria-hidden="false" class="flex flex-column items-center" data-slide="8"><button class="w_As w_Av mr2" role="link" type="button">Sun Chips</button></li><li aria-hidden="false" class="flex flex-column items-center" data-slide="9"><button class="w_As w_Av mr2" role="link" type="button">Kettle Chips</button></li><li aria-hidden="false" class="flex flex-column items-center" data-slide="10"><button class="w_As w_Av mr2" role="link" type="button">Pita Chips</button></li><li aria-hidden="false" class="flex flex-column items-center" data-slide="11"><button class="w_As w_Av mr2" role="link" type="button">Lay's Potato Chips</button></li><li aria-hidden="true" class="flex flex-column items-center" data-slide="12" style="scroll-snap-align: start;"><button class="w_As w_Av mr2" role="link" type="button">Cape Cod Chips</button></li><li aria-hidden="true" class="flex flex-column items-center" data-slide="13"><button class="w_As w_Av mr2" role="link" type="button">Zapp's Chips</button></li><li aria-hidden="true" class="flex flex-column items-center" data-slide="14"><button class="w_As w_Av mr2" role="link" type="button">Popped Chips</button></li><li aria-hidden="true" class="flex flex-column items-center" data-slide="15"><button class="w_As w_Av mr2" role="link" type="button">Veggie Chips</button></li><li aria-hidden="true" class="flex flex-column items-center" data-slide="16"><button class="w_As w_Av mr2" role="link" type="button">Corn Chips</button></li><li aria-hidden="true" class="flex flex-column items-center" data-slide="17"><button class="w_As w_Av mr2" role="link" type="button">Terra Chips</button></li><li aria-hidden="true" class="flex flex-column items-center" data-slide="18"><button class="w_As w_Av mr2" role="link" type="button">Rye Chips</button></li><li aria-hidden="true" class="flex flex-column items-center" data-slide="19"><button class="w_As w_Av mr2" role="link" type="button">Utz Potato Chips</button></li><li aria-hidden="true" class="flex flex-column items-center" data-slide="20"><button class="w_As w_Av mr2 mr4-xl" role="link" type="button">Variety Pack Chips</button></li></ul><button aria-label="Next slide for chipModule list" class="absolute dn z-999 bg-white br-100 pa0 pointer ba db-l br-100 ba b--black nav-control right-1 db"><i class="ld ld-ChevronRight" style="font-size:1.5rem;vertical-align:-0.25em;padding:12px"></i></button></div><div class="dn"><a href="/browse/food/takis/976759_976787_1001390_9805889_8841615" link-identifier="Generic Name">Takis</a><a href="https://www.walmart.com/browse/food/doritos/976759_976787_1001390_4274370" link-identifier="Generic Name">Doritos</a><a href="/browse/food/pringles/976759_976787_1001390_4402657_3654690" link-identifier="Generic Name">Pringles</a><a href="/browse/food/funyuns/976759_976787_1001390_9805889_1837733" link-identifier="Generic Name">Funyuns</a><a href="/browse/food/ruffles/976759_976787_1001390_4402657_9174797" link-identifier="Generic Name">Ruffles</a><a href="/browse/food/fritos/976759_976787_1001390_9805889_8357039" link-identifier="Generic Name">Fritos</a><a href="/browse/food/potato-chips/976759_976787_1001390_4402657" link-identifier="Generic Name">Potato Chips</a><a href="/browse/food/tortilla-chips/976759_976787_1001390_4501185" link-identifier="Generic Name">Tortilla Chips</a><a href="/browse/food/sun-chips/976759_976787_1001390_4084278_6046723" link-identifier="Generic Name">Sun Chips</a><a href="/browse/food/kettle-chips/976759_976787_1001390_2523039" link-identifier="Generic Name">Kettle Chips</a><a href="/browse/food/pita-chips-bagel-chips/976759_976787_1001390_8083609" link-identifier="Generic Name">Pita Chips</a><a href="/browse/food/lays-potato-chips/976759_976787_1001390_5517955" link-identifier="Generic Name">Lay's Potato Chips</a><a href="/browse/food/cape-cod-chips/976759_976787_1001390_2523039_2937197" link-identifier="Generic Name">Cape Cod Chips</a><a href="/browse/food/zapps-chips/976759_976787_1001390_2523039_5487688" link-identifier="Generic Name">Zapp's Chips</a><a href="/browse/food/popped-chips/976759_976787_1001390_4402657_9739086" link-identifier="Generic Name">Popped Chips</a><a href="/browse/food/veggie-chips-grain-chips/976759_976787_1001390_4084278" link-identifier="Generic Name">Veggie Chips</a><a href="/browse/food/corn-chips/976759_976787_1001390_9805889" link-identifier="Generic Name">Corn Chips</a><a href="/browse/food/terra-chips/976759_976787_1001390_4084278_2308053" link-identifier="Generic Name">Terra Chips</a><a href="/browse/food/rye-chips/976759_976787_1001390_2636409" link-identifier="Generic Name">Rye Chips</a><a href="/browse/food/utz-potato-chips/976759_976787_1001390_4402657_2212947" link-identifier="Generic Name">Utz Potato Chips</a><a href="/browse/food/variety-pack-chips/976759_976787_1001390_9634100" link-identifier="Generic Name">Variety Pack Chips</a></div></section><hr aria-hidden="true" class="w_Ah"/> <div class="w-100 relative-m"><div><div class="flex flex-column justify-center" data-stack-index="0"><div class="flex flex-row items-center flex-shrink-0"><section><div><div><div class="inline-flex mv3 ml3 ml4-xl mr1 db"><h1 class="f2 lh-title ma0 di f3">Chips – Walmart.com</h1></div></div></div></section></div><section><div class="flex flex-wrap w-100 flex-grow-0 flex-shrink-0 ph2 pr0-xl pl4-xl mt0-xl mt3"><div class="mb1 ph1 pa0-xl bb b--near-white w-25"><div class="h-100 pb1-xl pr4-xl pv1 ph1" style="content-visibility:auto;contain-intrinsic-size:198px 340px"><div class="sans-serif mid-gray relative flex flex-column w-100" data-ad-component-type="wpa-tile" data-item-id="340CQEC17FR7"><a class="absolute w-100 h-100 z-1" href="https://wrd.walmart.com/track?rdf=1&amp;adUid=69ccb08c-d4f2-4d10-8af1-ba230ead108a&amp;plmt=sp-browse-middle~desktop~&amp;tax=976759_976787_1001390&amp;pltfm=desktop&amp;eventST=click&amp;pgId=976759_976787_1001390&amp;spQs=J5TYYnzQtuEdDTzlQp2ydbp7wzrxDKLQ3QfjOcdZJmiksLIKH8GdMHI51EBhDsz8HZBsqu8sn8Kj8rC9O1lhEfgqwf5yzfvBWMhhUeUGSZVQVjLR8lzM6X9fhE3U1ghLxbfNluOeRLwUg7rpbJCQCWppbkwJDmqFu74pzU2rSt0&amp;storeId=3081&amp;pt=browse&amp;pos=1&amp;bt=1&amp;mloc=sp-browse-middle&amp;bkt=2478&amp;rd=https%3A%2F%2Fwww.walmart.com%2Fip%2FTakis-Fuego-Rolled-Tortilla-Chips-Hot-Chili-Pepper-and-Lime-Artificially-Flavored-20-Ounce-Fiesta-Size-Bag%2F655094884&amp;/ip/Takis-Fuego-Rolled-Tortilla-Chips-Hot-Chili-Pepper-and-Lime-Artificially-Flavored-20-Ounce-Fiesta-Size-Bag/655094884" link-identifier="655094884"><span class="w_AM">Takis Fuego Rolled Tortilla Chips, Hot Chili Pepper and Lime Artificially Flavored, 20 Ounce Fiesta Size Bag<!-- --> </span></a><div class="" data-testid="list-view"><div class=""><div class="h2 relative mb2"></div><div class="relative"><div class="relative overflow-hidden" style="max-width:290px;height:0;padding-bottom:min(290px, 100%);align-self:center;width:min(290px, 100%)"><img alt="" class="absolute top-0 left-0" data-testid="productTileImage" height="" loading="eager" src="https://i5.walmartimages.com/asr/77fae496-d0a6-4289-8f33-2496553175d6.73408a2f420a364571a0a0104663be4e.jpeg?odnHeight=580&amp;odnWidth=580&amp;odnBg=FFFFFF" srcset="https://i5.walmartimages.com/asr/77fae496-d0a6-4289-8f33-2496553175d6.73408a2f420a364571a0a0104663be4e.jpeg?odnHeight=290&amp;odnWidth=290&amp;odnBg=FFFFFF 1x, https://i5.walmartimages.com/asr/77fae496-d0a6-4289-8f33-2496553175d6.73408a2f420a364571a0a0104663be4e.jpeg?odnHeight=580&amp;odnWidth=580&amp;odnBg=FFFFFF 2x" width=""/></div><div class="z-2 absolute bottom--1"><div class="dib relative"><button aria-label="Add to cart - Takis Fuego Rolled Tortilla Chips, Hot Chili Pepper and Lime Artificially Flavored, 20 Ounce Fiesta Size Bag" class="w_6 w_8 w_AD pointer bn bg-blue hover-bg-dark-blue white sans-serif b w-auto ph2 flex items-center justify-center shadow-1" type="button"><i class="ld ld-Plus" style="font-size:1.5rem;vertical-align:-0.25em" title="add to cart"></i><span class="mr2">Add</span></button></div></div></div><div class="mt5 mb1" data-testid="variant-340CQEC17FR7" style="height:24px"><div class="flex items-center lh-title h2-l normal"><span class="gray f7">Sponsored</span></div></div></div><div class=""><div class="flex flex-wrap justify-start items-center lh-title mb2 mb1-m"><div aria-hidden="true" class="b black f5 mr1 mr2-xl lh-copy f4-l">$4.47</div><span class="w_AM">current price $4.47</span><div class="f7 f6-l gray mr1">22.4 ¢/oz</div></div><span class="w_AJ" style="-webkit-line-clamp:3;padding-bottom:0em;margin-bottom:-0em"><span class="f6 f5-l normal dark-gray mb0 mt1 lh-title">Takis Fuego Rolled Tortilla Chips, Hot Chili Pepper and Lime Artificially Flavored, 20 Ounce Fiesta Size Bag</span></span><div class="mt2 flex items-center"><span class="black inline-flex mr1"><i aria-hidden="true" class="ld ld-StarFill" style="font-size:12px;vertical-align:-0.175em"></i><i aria-hidden="true" class="ld ld-StarFill" style="font-size:12px;vertical-align:-0.175em"></i><i aria-hidden="true" class="ld ld-StarFill" style="font-size:12px;vertical-align:-0.175em"></i><i aria-hidden="true" class="ld ld-StarFill" style="font-size:12px;vertical-align:-0.175em"></i><i aria-hidden="true" class="ld ld-StarHalf" style="font-size:12px;vertical-align:-0.175em"></i></span><span aria-hidden="true" class="sans-serif gray f7">347</span><span class="w_AM">4.6 out of 5 Stars. 347 reviews</span></div><div class="mv2 flex items-center"><div class="f7 mr1 blue b lh-copy">Save with</div><img alt="Walmart Plus" class="pr2 flex" height="20" loading="lazy" src="//i5.walmartimages.com/dfw/63fd9f59-ac39/29c6759d-7f14-49fa-bd3a-b870eb4fb8fb/v1/wplus-icon-blue.svg" width="20"/></div><div class="mt2 mb2"><span class="w_EN w_ET w_EX mr1 mt1 ph1">Pickup</span><span class="w_EN w_ET w_EX mr1 mt1 ph1">Delivery</span><span class="w_EN w_ET w_EX mr1 mt1 ph1">1-day shipping</span></div></div></div></div></div></div><div class="mb1 ph1 pa0-xl bb b--near-white w-25"><div class="h-100 pb1-xl pr4-xl pv1 ph1" style="content-visibility:auto;contain-intrinsic-size:198px 340px"><div class="sans-serif mid-gray relative flex flex-column w-100" data-ad-component-type="wpa-tile" data-item-id="1OSH0FGY1KHL"><a class="absolute w-100 h-100 z-1" href="https://wrd.walmart.com/track?rdf=1&amp;adUid=69ccb08c-d4f2-4d10-8af1-ba230ead108a&amp;plmt=sp-browse-middle~desktop~&amp;tax=976759_976787_1001390&amp;pltfm=desktop&amp;eventST=click&amp;pgId=976759_976787_1001390&amp;spQs=Hv3Fc5AgB6_eMxcGIfJqFDdN5qd6VZn_-2D3yiGlsv-61xMNBZyBb8S8NuwK9fdaDhbjOUU9oQPK2zVkQ7dZhp2jehuoOSm_PrK78qy2NfrGCNRjneReT0NPwkKsYpT9o2lEz4gaAmcmG4tuDuQgyy2y9MfpV-Znp0XyPtSSRLw&amp;storeId=3081&amp;pt=browse&amp;pos=2&amp;bt=1&amp;mloc=sp-browse-middle&amp;bkt=2478&amp;rd=https%3A%2F%2Fwww.walmart.com%2Fip%2F42-ct-Utz-Variety-Snack-Pack-Box%2F682488016&amp;/ip/42-ct-Utz-Variety-Snack-Pack-Box/682488016" link-identifier="682488016"><span class="w_AM">42 ct Utz Variety Snack Pack Box<!-- --> </span></a><div class="" data-testid="list-view"><div class=""><div class="h2 relative mb2"></div><div class="relative"><div class="relative overflow-hidden" style="max-width:290px;height:0;padding-bottom:min(290px, 100%);align-self:center;width:min(290px, 100%)"><img alt="" class="absolute top-0 left-0" data-testid="productTileImage" height="" loading="eager" src="https://i5.walmartimages.com/asr/c36da2d1-34ea-4d31-af36-f5199a1fe518.96e26bb59a5e348e6bea3f21dc952e9d.jpeg?odnHeight=580&amp;odnWidth=580&amp;odnBg=FFFFFF" srcset="https://i5.walmartimages.com/asr/c36da2d1-34ea-4d31-af36-f5199a1fe518.96e26bb59a5e348e6bea3f21dc952e9d.jpeg?odnHeight=290&amp;odnWidth=290&amp;odnBg=FFFFFF 1x, https://i5.walmartimages.com/asr/c36da2d1-34ea-4d31-af36-f5199a1fe518.96e26bb59a5e348e6bea3f21dc952e9d.jpeg?odnHeight=580&amp;odnWidth=580&amp;odnBg=FFFFFF 2x" width=""/></div><div class="z-2 absolute bottom--1"><div class="dib relative"><button aria-label="Add to cart - 42 ct Utz Variety Snack Pack Box" class="w_6 w_8 w_AD pointer bn bg-blue hover-bg-dark-blue white sans-serif b w-auto ph2 flex items-center justify-center shadow-1" type="button"><i class="ld ld-Plus" style="font-size:1.5rem;vertical-align:-0.25em" title="add to cart"></i><span class="mr2">Add</span></button></div></div></div><div class="mt5 mb1" data-testid="variant-1OSH0FGY1KHL" style="height:24px"><div class="flex items-center lh-title h2-l normal"><span class="gray f7">Sponsored</span></div></div></div><div class=""><div class="flex flex-wrap justify-start items-center lh-title mb2 mb1-m"><div aria-hidden="true" class="b black f5 mr1 mr2-xl lh-copy f4-l">$12.98</div><span class="w_AM">current price $12.98</span><div aria-hidden="true" class="f7 f6-l strike gray mr3">$14.99</div><span class="w_AM">was $14.99</span><div class="f7 f6-l gray mr1">30.9 ¢/oz</div></div><span class="w_AJ" style="-webkit-line-clamp:3;padding-bottom:0em;margin-bottom:-0em"><span class="f6 f5-l normal dark-gray mb0 mt1 lh-title">42 ct Utz Variety Snack Pack Box</span></span><div class="mt2 flex items-center"><span class="black inline-flex mr1"><i aria-hidden="true" class="ld ld-StarFill" style="font-size:12px;vertical-align:-0.175em"></i><i aria-hidden="true" class="ld ld-StarFill" style="font-size:12px;vertical-align:-0.175em"></i><i aria-hidden="true" class="ld ld-StarFill" style="font-size:12px;vertical-align:-0.175em"></i><i aria-hidden="true" class="ld ld-StarFill" style="font-size:12px;vertical-align:-0.175em"></i><i aria-hidden="true" class="ld ld-StarHalf" style="font-size:12px;vertical-align:-0.175em"></i></span><span aria-hidden="true" class="sans-serif gray f7">1248</span><span class="w_AM">4.6 out of 5 Stars. 1248 reviews</span></div><div class="mv2 flex items-center"><div class="f7 mr1 blue b lh-copy">Save with</div><img alt="Walmart Plus" class="pr2 flex" height="20" loading="lazy" src="//i5.walmartimages.com/dfw/63fd9f59-ac39/29c6759d-7f14-49fa-bd3a-b870eb4fb8fb/v1/wplus-icon-blue.svg" width="20"/></div><div class="mt2 mb2"><span class="w_EN w_ET w_EX mr1 mt1 ph1">3+ day shipping</span></div></div></div></div></div></div><div class="mb1 ph1 pa0-xl bb b--near-white w-25"><div class="h-100 pb1-xl pr4-xl pv1 ph1" style="content-visibility:auto;contain-intrinsic-size:198px 340px"><div class="sans-serif mid-gray relative flex flex-column w-100" data-ad-component-type="wpa-tile" data-item-id="4GYCITJ6AUPD"><a class="absolute w-100 h-100 z-1" href="https://wrd.walmart.com/track?rdf=1&amp;adUid=69ccb08c-d4f2-4d10-8af1-ba230ead108a&amp;plmt=sp-browse-middle~desktop~&amp;tax=976759_976787_1001390&amp;pltfm=desktop&amp;eventST=click&amp;pgId=976759_976787_1001390&amp;spQs=AI8shvaisvnmtpreFmO-vyBPnWglNysfydMheH4jOIAwqxcOqK7r0iEihMVQEhyQJ17gu7x0gyes0xVJj08RuO4oO6-9AYcshF11EQYlZQ8N7t_R9bKIo19w7KOdOoqj7Rx-rNAOspmvRpb_Y4K5fAZVPnZQmfZgShctosW6RBE&amp;storeId=3081&amp;pt=browse&amp;pos=3&amp;bt=1&amp;mloc=sp-browse-middle&amp;bkt=2478&amp;rd=https%3A%2F%2Fwww.walmart.com%2Fip%2FPringles-Potato-Crisps-Chips-Lunch-Snacks-On-The-Go-Snacks-Cheddar-Cheese-5-5-Oz-Can%2F246212997%3Fathbdg%3DL1600&amp;athbdg=L1600" link-identifier="246212997"><span class="w_AM">Pringles Potato Crisps Chips, Lunch Snacks, On The Go Snacks, Cheddar Cheese, 5.5 Oz, Can<!-- --> </span></a><div class="" data-testid="list-view"><div class=""><div class="h2 relative mb2"><span class="w_EN w_ET w_EW absolute">Best seller</span></div><div class="relative"><div class="relative overflow-hidden" style="max-width:290px;height:0;padding-bottom:min(290px, 100%);align-self:center;width:min(290px, 100%)"><img alt="" class="absolute top-0 left-0" data-testid="productTileImage" height="" loading="eager" src="https://i5.walmartimages.com/asr/80d667a6-62a9-4f00-a18e-bc55f85f3a12.ded73a4ce19550c129496b1b1f321807.jpeg?odnHeight=580&amp;odnWidth=580&amp;odnBg=FFFFFF" srcset="https://i5.walmartimages.com/asr/80d667a6-62a9-4f00-a18e-bc55f85f3a12.ded73a4ce19550c129496b1b1f321807.jpeg?odnHeight=290&amp;odnWidth=290&amp;odnBg=FFFFFF 1x, https://i5.walmartimages.com/asr/80d667a6-62a9-4f00-a18e-bc55f85f3a12.ded73a4ce19550c129496b1b1f321807.jpeg?odnHeight=580&amp;odnWidth=580&amp;odnBg=FFFFFF 2x" width=""/></div><div class="z-2 absolute bottom--1"><div class="dib relative"><a aria-label="Options - Pringles Potato Crisps Chips, Lunch Snacks, On The Go Snacks, Cheddar Cheese, 5.5 Oz, Can" class="w_6 w_8 w_AD pointer bn bg-blue hover-bg-dark-blue white sans-serif b w-auto ph2 flex items-center justify-center shadow-1" href="https://wrd.walmart.com/track?rdf=1&amp;adUid=69ccb08c-d4f2-4d10-8af1-ba230ead108a&amp;plmt=sp-browse-middle~desktop~&amp;tax=976759_976787_1001390&amp;pltfm=desktop&amp;eventST=click&amp;pgId=976759_976787_1001390&amp;spQs=AI8shvaisvnmtpreFmO-vyBPnWglNysfydMheH4jOIAwqxcOqK7r0iEihMVQEhyQJ17gu7x0gyes0xVJj08RuO4oO6-9AYcshF11EQYlZQ8N7t_R9bKIo19w7KOdOoqj7Rx-rNAOspmvRpb_Y4K5fAZVPnZQmfZgShctosW6RBE&amp;storeId=3081&amp;pt=browse&amp;pos=3&amp;bt=1&amp;mloc=sp-browse-middle&amp;bkt=2478&amp;rd=https%3A%2F%2Fwww.walmart.com%2Fip%2FPringles-Potato-Crisps-Chips-Lunch-Snacks-On-The-Go-Snacks-Cheddar-Cheese-5-5-Oz-Can%2F246212997%3Fathbdg%3DL1600&amp;athbdg=L1600"><span class="mh2">Options</span></a></div></div></div><div class="mt5 mb1" data-testid="variant-4GYCITJ6AUPD" style="height:24px"><div class="flex items-center lh-title h2-l normal"><span class="gray f7">Sponsored</span></div></div></div><div class=""><div class="flex flex-wrap justify-start items-center lh-title mb2 mb1-m"><div class="b f5 f4-l black mr1 lh-copy">From $1.78</div><div aria-hidden="true" class="f7 f6-l strike gray mr3">$5.28</div><span class="w_AM">was $5.28</span></div><span class="w_AJ" style="-webkit-line-clamp:3;padding-bottom:0em;margin-bottom:-0em"><span class="f6 f5-l normal dark-gray mb0 mt1 lh-title">Pringles Potato Crisps Chips, Lunch Snacks, On The Go Snacks, Cheddar Cheese, 5.5 Oz, Can</span></span><div class="mt2 flex items-center"><span class="black inline-flex mr1"><i aria-hidden="true" class="ld ld-StarFill" style="font-size:12px;vertical-align:-0.175em"></i><i aria-hidden="true" class="ld ld-StarFill" style="font-size:12px;vertical-align:-0.175em"></i><i aria-hidden="true" class="ld ld-StarFill" style="font-size:12px;vertical-align:-0.175em"></i><i aria-hidden="true" class="ld ld-StarFill" style="font-size:12px;vertical-align:-0.175em"></i><i aria-hidden="true" class="ld ld-StarHalf" style="font-size:12px;vertical-align:-0.175em"></i></span><span aria-hidden="true" class="sans-serif gray f7">301</span><span class="w_AM">4.5 out of 5 Stars. 301 reviews</span></div><div class="mv2 flex items-center"><div class="f7 mr1 blue b lh-copy">Save with</div><img alt="Walmart Plus" class="pr2 flex" height="20" loading="lazy" src="//i5.walmartimages.com/dfw/63fd9f59-ac39/29c6759d-7f14-49fa-bd3a-b870eb4fb8fb/v1/wplus-icon-blue.svg" width="20"/></div><div class="mt2 mb2"><span class="w_EN w_ET w_EX mr1 mt1 ph1">Pickup</span><span class="w_EN w_ET w_EX mr1 mt1 ph1">Delivery</span><span class="w_EN w_ET w_EX mr1 mt1 ph1">3+ day shipping</span></div></div></div></div></div></div><div class="mb1 ph1 pa0-xl bb b--near-white w-25"><div class="h-100 pb1-xl pr4-xl pv1 ph1" style="content-visibility:auto;contain-intrinsic-size:198px 340px"><div class="sans-serif mid-gray relative flex flex-column w-100" data-ad-component-type="wpa-tile" data-item-id="23YEYA8L0P2W"><a class="absolute w-100 h-100 z-1" href="https://wrd.walmart.com/track?rdf=1&amp;adUid=69ccb08c-d4f2-4d10-8af1-ba230ead108a&amp;plmt=sp-browse-middle~desktop~&amp;tax=976759_976787_1001390&amp;pltfm=desktop&amp;eventST=click&amp;pgId=976759_976787_1001390&amp;spQs=5amQk4KHRhk2g18AYyEuvmk6Hf2fkoCaSvgFzp19FuXicB3qkK_5JDl2QfuXyG2MiVkzC6qxez5shLQihRVpG-YRf3ASbi8WUiwdpZCsLEZNKYBvFr4Q5Iuf7fBLPOy9xJM_r4rApLm8Ya6ji2fJHL3DD6o3yjjIm3he9XidNh0&amp;storeId=3081&amp;pt=browse&amp;pos=4&amp;bt=1&amp;mloc=sp-browse-middle&amp;bkt=2478&amp;rd=https%3A%2F%2Fwww.walmart.com%2Fip%2FRITZ-Toasted-Chips-Original-Crackers-8-1-oz%2F458260771%3Fathbdg%3DL1600&amp;athbdg=L1600" link-identifier="458260771"><span class="w_AM">RITZ Toasted Chips Original Crackers, 8.1 oz<!-- --> </span></a><div class="" data-testid="list-view"><div class=""><div class="h2 relative mb2"><span class="w_EN w_ET w_EW absolute">Best seller</span></div><div class="relative"><div class="relative overflow-hidden" style="max-width:290px;height:0;padding-bottom:min(290px, 100%);align-self:center;width:min(290px, 100%)"><img alt="" class="absolute top-0 left-0" data-testid="productTileImage" height="" loading="eager" src="https://i5.walmartimages.com/asr/502f8228-8ebd-4bb2-9ec2-e6e744f5fde0.d52fa05e7dbf44f19424ff5d68e13b25.jpeg?odnHeight=580&amp;odnWidth=580&amp;odnBg=FFFFFF" srcset="https://i5.walmartimages.com/asr/502f8228-8ebd-4bb2-9ec2-e6e744f5fde0.d52fa05e7dbf44f19424ff5d68e13b25.jpeg?odnHeight=290&amp;odnWidth=290&amp;odnBg=FFFFFF 1x, https://i5.walmartimages.com/asr/502f8228-8ebd-4bb2-9ec2-e6e744f5fde0.d52fa05e7dbf44f19424ff5d68e13b25.jpeg?odnHeight=580&amp;odnWidth=580&amp;odnBg=FFFFFF 2x" width=""/></div><div class="z-2 absolute bottom--1"><div class="dib relative"><a aria-label="Options - RITZ Toasted Chips Original Crackers, 8.1 oz" class="w_6 w_8 w_AD pointer bn bg-blue hover-bg-dark-blue white sans-serif b w-auto ph2 flex items-center justify-center shadow-1" href="https://wrd.walmart.com/track?rdf=1&amp;adUid=69ccb08c-d4f2-4d10-8af1-ba230ead108a&amp;plmt=sp-browse-middle~desktop~&amp;tax=976759_976787_1001390&amp;pltfm=desktop&amp;eventST=click&amp;pgId=976759_976787_1001390&amp;spQs=5amQk4KHRhk2g18AYyEuvmk6Hf2fkoCaSvgFzp19FuXicB3qkK_5JDl2QfuXyG2MiVkzC6qxez5shLQihRVpG-YRf3ASbi8WUiwdpZCsLEZNKYBvFr4Q5Iuf7fBLPOy9xJM_r4rApLm8Ya6ji2fJHL3DD6o3yjjIm3he9XidNh0&amp;storeId=3081&amp;pt=browse&amp;pos=4&amp;bt=1&amp;mloc=sp-browse-middle&amp;bkt=2478&amp;rd=https%3A%2F%2Fwww.walmart.com%2Fip%2FRITZ-Toasted-Chips-Original-Crackers-8-1-oz%2F458260771%3Fathbdg%3DL1600&amp;athbdg=L1600"><span class="mh2">Options</span></a></div></div></div><div class="mt5 mb1" data-testid="variant-23YEYA8L0P2W" style="height:24px"><div class="flex items-center lh-title h2-l normal"><span class="gray f7">Sponsored</span></div></div></div><div class=""><div class="flex flex-wrap justify-start items-center lh-title mb2 mb1-m"><div class="b f5 f4-l black mr1 lh-copy">From $3.28</div></div><span class="w_AJ" style="-webkit-line-clamp:3;padding-bottom:0em;margin-bottom:-0em"><span class="f6 f5-l normal dark-gray mb0 mt1 lh-title">RITZ Toasted Chips Original Crackers, 8.1 oz</span></span><div class="mt2 flex items-center"><span class="black inline-flex mr1"><i aria-hidden="true" class="ld ld-StarFill" style="font-size:12px;vertical-align:-0.175em"></i><i aria-hidden="true" class="ld ld-StarFill" style="font-size:12px;vertical-align:-0.175em"></i><i aria-hidden="true" class="ld ld-StarFill" style="font-size:12px;vertical-align:-0.175em"></i><i aria-hidden="true" class="ld ld-StarFill" style="font-size:12px;vertical-align:-0.175em"></i><i aria-hidden="true" class="ld ld-StarHalf" style="font-size:12px;vertical-align:-0.175em"></i></span><span aria-hidden="true" class="sans-serif gray f7">193</span><span class="w_AM">4.4 out of 5 Stars. 193 reviews</span></div><div class="mv2 flex items-center"><div class="f7 mr1 blue b lh-copy">Save with</div><img alt="Walmart Plus" class="pr2 flex" height="20" loading="lazy" src="//i5.walmartimages.com/dfw/63fd9f59-ac39/29c6759d-7f14-49fa-bd3a-b870eb4fb8fb/v1/wplus-icon-blue.svg" width="20"/></div><div class="mt2 mb2"><span class="w_EN w_ET w_EX mr1 mt1 ph1">Pickup</span><span class="w_EN w_ET w_EX mr1 mt1 ph1">Delivery</span><span class="w_EN w_ET w_EX mr1 mt1 ph1">1-day shipping</span></div></div></div></div></div></div><div class="mb1 ph1 pa0-xl bb b--near-white w-25"><div class="h-100 pb1-xl pr4-xl pv1 ph1" style="content-visibility:auto;contain-intrinsic-size:198px 340px"><div class="sans-serif mid-gray relative flex flex-column w-100" data-item-id="7HGZCI1N0HZC"><a class="absolute w-100 h-100 z-1" href="/ip/Doritos-Cool-Ranch-Flavored-Tortilla-Chips-Party-Size-14-5-oz-Bag/749407178?athbdg=L1600" link-identifier="749407178"><span class="w_AM">Doritos Cool Ranch Flavored Tortilla Chips, Party Size, 14.5 oz Bag<!-- --> </span></a><div class="" data-testid="list-view"><div class=""><div class="h2 relative mb2"><span class="w_EN w_ET w_EW absolute">Best seller</span></div><div class="relative"><div class="relative overflow-hidden" style="max-width:290px;height:0;padding-bottom:min(290px, 100%);align-self:center;width:min(290px, 100%)"><img alt="" class="absolute top-0 left-0" data-testid="productTileImage" height="" loading="lazy" src="https://i5.walmartimages.com/asr/2254aee8-cde2-401a-b762-b48ecdd60bfd.b36f03fbba4a197de2cea8d7682a9ac4.jpeg?odnHeight=580&amp;odnWidth=580&amp;odnBg=FFFFFF" srcset="https://i5.walmartimages.com/asr/2254aee8-cde2-401a-b762-b48ecdd60bfd.b36f03fbba4a197de2cea8d7682a9ac4.jpeg?odnHeight=290&amp;odnWidth=290&amp;odnBg=FFFFFF 1x, https://i5.walmartimages.com/asr/2254aee8-cde2-401a-b762-b48ecdd60bfd.b36f03fbba4a197de2cea8d7682a9ac4.jpeg?odnHeight=580&amp;odnWidth=580&amp;odnBg=FFFFFF 2x" width=""/></div><div class="z-2 absolute bottom--1"><div class="dib relative"><button aria-label="Add to cart - Doritos Cool Ranch Flavored Tortilla Chips, Party Size, 14.5 oz Bag" class="w_6 w_8 w_AD pointer bn bg-blue hover-bg-dark-blue white sans-serif b w-auto ph2 flex items-center justify-center shadow-1" type="button"><i class="ld ld-Plus" style="font-size:1.5rem;vertical-align:-0.25em" title="add to cart"></i><span class="mr2">Add</span></button></div></div></div><div class="mt5 mb1" data-testid="variant-7HGZCI1N0HZC" style="height:24px"></div></div><div class=""><div class="flex flex-wrap justify-start items-center lh-title mb2 mb1-m"><div aria-hidden="true" class="b black f5 mr1 mr2-xl lh-copy f4-l">$4.48</div><span class="w_AM">current price $4.48</span><div class="f7 f6-l gray mr1">30.9 ¢/oz</div></div><span class="w_AJ" style="-webkit-line-clamp:3;padding-bottom:0em;margin-bottom:-0em"><span class="f6 f5-l normal dark-gray mb0 mt1 lh-title">Doritos Cool Ranch Flavored Tortilla Chips, Party Size, 14.5 oz Bag</span></span><div class="mt2 flex items-center"><span class="black inline-flex mr1"><i aria-hidden="true" class="ld ld-StarFill" style="font-size:12px;vertical-align:-0.175em"></i><i aria-hidden="true" class="ld ld-StarFill" style="font-size:12px;vertical-align:-0.175em"></i><i aria-hidden="true" class="ld ld-StarFill" style="font-size:12px;vertical-align:-0.175em"></i><i aria-hidden="true" class="ld ld-StarFill" style="font-size:12px;vertical-align:-0.175em"></i><i aria-hidden="true" class="ld ld-Star" style="font-size:12px;vertical-align:-0.175em"></i></span><span aria-hidden="true" class="sans-serif gray f7">104</span><span class="w_AM">3.8 out of 5 Stars. 104 reviews</span></div><div class="mv2 flex items-center"><div class="f7 mr1 blue b lh-copy">Save with</div><img alt="Walmart Plus" class="pr2 flex" height="20" loading="lazy" src="//i5.walmartimages.com/dfw/63fd9f59-ac39/29c6759d-7f14-49fa-bd3a-b870eb4fb8fb/v1/wplus-icon-blue.svg" width="20"/></div><div class="mt2 mb2"><span class="w_EN w_ET w_EX mr1 mt1 ph1">Pickup</span><span class="w_EN w_ET w_EX mr1 mt1 ph1">Delivery</span><span class="w_EN w_ET w_EX mr1 mt1 ph1">1-day shipping</span></div></div></div></div></div></div><div class="mb1 ph1 pa0-xl bb b--near-white w-25"><div class="h-100 pb1-xl pr4-xl pv1 ph1" style="content-visibility:auto;contain-intrinsic-size:198px 340px"><div class="sans-serif mid-gray relative flex flex-column w-100" data-item-id="6X6PJTSW9JZ7"><a class="absolute w-100 h-100 z-1" href="/ip/SunChips-Garden-Salsa-Flavored-Whole-Grain-Snacks-7-oz-Bag/31954394" link-identifier="31954394"><span class="w_AM">SunChips Garden Salsa Flavored Whole Grain Snacks, 7 oz Bag<!-- --> </span></a><div class="" data-testid="list-view"><div class=""><div class="h2 relative mb2"></div><div class="relative"><div class="relative overflow-hidden" style="max-width:290px;height:0;padding-bottom:min(290px, 100%);align-self:center;width:min(290px, 100%)"><img alt="" class="absolute top-0 left-0" data-testid="productTileImage" height="" loading="lazy" src="https://i5.walmartimages.com/asr/a6174c36-ea83-4b05-b4d8-d9d63a43a720_1.b01d7a8f6a23879e81ee91a03582fd21.jpeg?odnHeight=580&amp;odnWidth=580&amp;odnBg=FFFFFF" srcset="https://i5.walmartimages.com/asr/a6174c36-ea83-4b05-b4d8-d9d63a43a720_1.b01d7a8f6a23879e81ee91a03582fd21.jpeg?odnHeight=290&amp;odnWidth=290&amp;odnBg=FFFFFF 1x, https://i5.walmartimages.com/asr/a6174c36-ea83-4b05-b4d8-d9d63a43a720_1.b01d7a8f6a23879e81ee91a03582fd21.jpeg?odnHeight=580&amp;odnWidth=580&amp;odnBg=FFFFFF 2x" width=""/></div><div class="z-2 absolute bottom--1"><div class="dib relative"><button aria-label="Add to cart - SunChips Garden Salsa Flavored Whole Grain Snacks, 7 oz Bag" class="w_6 w_8 w_AD pointer bn bg-blue hover-bg-dark-blue white sans-serif b w-auto ph2 flex items-center justify-center shadow-1" type="button"><i class="ld ld-Plus" style="font-size:1.5rem;vertical-align:-0.25em" title="add to cart"></i><span class="mr2">Add</span></button></div></div></div><div class="mt5 mb1" data-testid="variant-6X6PJTSW9JZ7" style="height:24px"></div></div><div class=""><div class="flex flex-wrap justify-start items-center lh-title mb2 mb1-m"><div aria-hidden="true" class="b black f5 mr1 mr2-xl lh-copy f4-l">$3.28</div><span class="w_AM">current price $3.28</span><div class="f7 f6-l gray mr1">46.9 ¢/oz</div></div><span class="w_AJ" style="-webkit-line-clamp:3;padding-bottom:0em;margin-bottom:-0em"><span class="f6 f5-l normal dark-gray mb0 mt1 lh-title">SunChips Garden Salsa Flavored Whole Grain Snacks, 7 oz Bag</span></span><div class="mt2 flex items-center"><span class="black inline-flex mr1"><i aria-hidden="true" class="ld ld-StarFill" style="font-size:12px;vertical-align:-0.175em"></i><i aria-hidden="true" class="ld ld-StarFill" style="font-size:12px;vertical-align:-0.175em"></i><i aria-hidden="true" class="ld ld-StarFill" style="font-size:12px;vertical-align:-0.175em"></i><i aria-hidden="true" class="ld ld-StarFill" style="font-size:12px;vertical-align:-0.175em"></i><i aria-hidden="true" class="ld ld-StarHalf" style="font-size:12px;vertical-align:-0.175em"></i></span><span aria-hidden="true" class="sans-serif gray f7">366</span><span class="w_AM">4.6 out of 5 Stars. 366 reviews</span></div><div class="mv2 flex items-center"><div class="f7 mr1 blue b lh-copy">Save with</div><img alt="Walmart Plus" class="pr2 flex" height="20" loading="lazy" src="//i5.walmartimages.com/dfw/63fd9f59-ac39/29c6759d-7f14-49fa-bd3a-b870eb4fb8fb/v1/wplus-icon-blue.svg" width="20"/></div><div class="mt2 mb2"><span class="w_EN w_ET w_EX mr1 mt1 ph1">Pickup</span><span class="w_EN w_ET w_EX mr1 mt1 ph1">Delivery</span><span class="w_EN w_ET w_EX mr1 mt1 ph1">1-day shipping</span></div></div></div></div></div></div><div class="mb1 ph1 pa0-xl bb b--near-white w-25"><div class="h-100 pb1-xl pr4-xl pv1 ph1" style="content-visibility:auto;contain-intrinsic-size:198px 340px"><div class="sans-serif mid-gray relative flex flex-column w-100" data-item-id="4LXOOE0Z7QW9"><a class="absolute w-100 h-100 z-1" href="/ip/Lay-s-Potato-Chips-Honey-Barbecue-Flavor-7-75-oz-Bag/33469534" link-identifier="33469534"><span class="w_AM">Lay's Potato Chips, Honey Barbecue Flavor, 7.75 oz Bag<!-- --> </span></a><div class="" data-testid="list-view"><div class=""><div class="h2 relative mb2"></div><div class="relative"><div class="relative overflow-hidden" style="max-width:290px;height:0;padding-bottom:min(290px, 100%);align-self:center;width:min(290px, 100%)"><img alt="" class="absolute top-0 left-0" data-testid="productTileImage" height="" loading="lazy" src="https://i5.walmartimages.com/asr/3f73d553-39bd-4b24-ae58-82aff3509345.acd35de844c73278c66f4d8404dbb63d.jpeg?odnHeight=580&amp;odnWidth=580&amp;odnBg=FFFFFF" srcset="https://i5.walmartimages.com/asr/3f73d553-39bd-4b24-ae58-82aff3509345.acd35de844c73278c66f4d8404dbb63d.jpeg?odnHeight=290&amp;odnWidth=290&amp;odnBg=FFFFFF 1x, https://i5.walmartimages.com/asr/3f73d553-39bd-4b24-ae58-82aff3509345.acd35de844c73278c66f4d8404dbb63d.jpeg?odnHeight=580&amp;odnWidth=580&amp;odnBg=FFFFFF 2x" width=""/></div><div class="z-2 absolute bottom--1"><div class="dib relative"><button aria-label="Add to cart - Lay's Potato Chips, Honey Barbecue Flavor, 7.75 oz Bag" class="w_6 w_8 w_AD pointer bn bg-blue hover-bg-dark-blue white sans-serif b w-auto ph2 flex items-center justify-center shadow-1" type="button"><i class="ld ld-Plus" style="font-size:1.5rem;vertical-align:-0.25em" title="add to cart"></i><span class="mr2">Add</span></button></div></div></div><div class="mt5 mb1" data-testid="variant-4LXOOE0Z7QW9" style="height:24px"></div></div><div class=""><div class="flex flex-wrap justify-start items-center lh-title mb2 mb1-m"><div aria-hidden="true" class="b black f5 mr1 mr2-xl lh-copy f4-l">$2.98</div><span class="w_AM">current price $2.98</span><div class="f7 f6-l gray mr1">38.5 ¢/oz</div></div><span class="w_AJ" style="-webkit-line-clamp:3;padding-bottom:0em;margin-bottom:-0em"><span class="f6 f5-l normal dark-gray mb0 mt1 lh-title">Lay's Potato Chips, Honey Barbecue Flavor, 7.75 oz Bag</span></span><div class="mt2 flex items-center"><span class="black inline-flex mr1"><i aria-hidden="true" class="ld ld-StarFill" style="font-size:12px;vertical-align:-0.175em"></i><i aria-hidden="true" class="ld ld-StarFill" style="font-size:12px;vertical-align:-0.175em"></i><i aria-hidden="true" class="ld ld-StarFill" style="font-size:12px;vertical-align:-0.175em"></i><i aria-hidden="true" class="ld ld-StarFill" style="font-size:12px;vertical-align:-0.175em"></i><i aria-hidden="true" class="ld ld-StarHalf" style="font-size:12px;vertical-align:-0.175em"></i></span><span aria-hidden="true" class="sans-serif gray f7">389</span><span class="w_AM">4.6 out of 5 Stars. 389 reviews</span></div><div class="mv2 flex items-center"><div class="f7 mr1 blue b lh-copy">Save with</div><img alt="Walmart Plus" class="pr2 flex" height="20" loading="lazy" src="//i5.walmartimages.com/dfw/63fd9f59-ac39/29c6759d-7f14-49fa-bd3a-b870eb4fb8fb/v1/wplus-icon-blue.svg" width="20"/></div><div class="mt2 mb2"><span class="w_EN w_ET w_EX mr1 mt1 ph1">1-day shipping</span></div></div></div></div></div></div><div class="mb1 ph1 pa0-xl bb b--near-white w-25"><div class="h-100 pb1-xl pr4-xl pv1 ph1" style="content-visibility:auto;contain-intrinsic-size:198px 340px"><div class="sans-serif mid-gray relative flex flex-column w-100" data-item-id="60A22XLF6DGP"><a class="absolute w-100 h-100 z-1" href="/ip/SunChips-Harvest-Cheddar-Flavored-Whole-Grain-Snacks-7-oz-Bag/32174172" link-identifier="32174172"><span class="w_AM">SunChips Harvest Cheddar Flavored Whole Grain Snacks, 7 oz. Bag<!-- --> </span></a><div class="" data-testid="list-view"><div class=""><div class="h2 relative mb2"></div><div class="relative"><div class="relative overflow-hidden" style="max-width:290px;height:0;padding-bottom:min(290px, 100%);align-self:center;width:min(290px, 100%)"><img alt="" class="absolute top-0 left-0" data-testid="productTileImage" height="" loading="lazy" src="https://i5.walmartimages.com/asr/f192cd28-ce49-420b-b5b5-d70037870e89_1.871a70f4ee4d37552b99a77c1a22fb23.jpeg?odnHeight=580&amp;odnWidth=580&amp;odnBg=FFFFFF" srcset="https://i5.walmartimages.com/asr/f192cd28-ce49-420b-b5b5-d70037870e89_1.871a70f4ee4d37552b99a77c1a22fb23.jpeg?odnHeight=290&amp;odnWidth=290&amp;odnBg=FFFFFF 1x, https://i5.walmartimages.com/asr/f192cd28-ce49-420b-b5b5-d70037870e89_1.871a70f4ee4d37552b99a77c1a22fb23.jpeg?odnHeight=580&amp;odnWidth=580&amp;odnBg=FFFFFF 2x" width=""/></div><div class="z-2 absolute bottom--1"><div class="dib relative"><button aria-label="Add to cart - SunChips Harvest Cheddar Flavored Whole Grain Snacks, 7 oz. Bag" class="w_6 w_8 w_AD pointer bn bg-blue hover-bg-dark-blue white sans-serif b w-auto ph2 flex items-center justify-center shadow-1" type="button"><i class="ld ld-Plus" style="font-size:1.5rem;vertical-align:-0.25em" title="add to cart"></i><span class="mr2">Add</span></button></div></div></div><div class="mt5 mb1" data-testid="variant-60A22XLF6DGP" style="height:24px"></div></div><div class=""><div class="flex flex-wrap justify-start items-center lh-title mb2 mb1-m"><div aria-hidden="true" class="b black f5 mr1 mr2-xl lh-copy f4-l">$3.28</div><span class="w_AM">current price $3.28</span><div class="f7 f6-l gray mr1">46.9 ¢/oz</div></div><span class="w_AJ" style="-webkit-line-clamp:3;padding-bottom:0em;margin-bottom:-0em"><span class="f6 f5-l normal dark-gray mb0 mt1 lh-title">SunChips Harvest Cheddar Flavored Whole Grain Snacks, 7 oz. Bag</span></span><div class="mt2 flex items-center"><span class="black inline-flex mr1"><i aria-hidden="true" class="ld ld-StarFill" style="font-size:12px;vertical-align:-0.175em"></i><i aria-hidden="true" class="ld ld-StarFill" style="font-size:12px;vertical-align:-0.175em"></i><i aria-hidden="true" class="ld ld-StarFill" style="font-size:12px;vertical-align:-0.175em"></i><i aria-hidden="true" class="ld ld-StarFill" style="font-size:12px;vertical-align:-0.175em"></i><i aria-hidden="true" class="ld ld-StarHalf" style="font-size:12px;vertical-align:-0.175em"></i></span><span aria-hidden="true" class="sans-serif gray f7">339</span><span class="w_AM">4.5 out of 5 Stars. 339 reviews</span></div><div class="mv2 flex items-center"><div class="f7 mr1 blue b lh-copy">Save with</div><img alt="Walmart Plus" class="pr2 flex" height="20" loading="lazy" src="//i5.walmartimages.com/dfw/63fd9f59-ac39/29c6759d-7f14-49fa-bd3a-b870eb4fb8fb/v1/wplus-icon-blue.svg" width="20"/></div><div class="mt2 mb2"><span class="w_EN w_ET w_EX mr1 mt1 ph1">Pickup</span><span class="w_EN w_ET w_EX mr1 mt1 ph1">Delivery</span><span class="w_EN w_ET w_EX mr1 mt1 ph1">1-day shipping</span></div></div></div></div></div></div><div class="mb1 ph1 pa0-xl bb b--near-white w-25"><div class="h-100 pb1-xl pr4-xl pv1 ph1" style="content-visibility:auto;contain-intrinsic-size:198px 340px"><div class="sans-serif mid-gray relative flex flex-column w-100" data-item-id="78LNEWO7EM3O"><a class="absolute w-100 h-100 z-1" href="/ip/Pringles-Potato-Crisps-Chips-Lunch-Snacks-On-The-Go-Snacks-Lightly-Salted-5-2-Oz-Can/122155395?athbdg=L1600" link-identifier="122155395"><span class="w_AM">Pringles Potato Crisps Chips, Lunch Snacks, On The Go Snacks, Lightly Salted, 5.2 Oz, Can<!-- --> </span></a><div class="" data-testid="list-view"><div class=""><div class="h2 relative mb2"><span class="w_EN w_ET w_EW absolute">Best seller</span></div><div class="relative"><div class="relative overflow-hidden" style="max-width:290px;height:0;padding-bottom:min(290px, 100%);align-self:center;width:min(290px, 100%)"><img alt="" class="absolute top-0 left-0" data-testid="productTileImage" height="" loading="lazy" src="https://i5.walmartimages.com/asr/a1f2b7f3-4ec8-47de-8f0d-18316dc3d0a2.d400b717908c401a23d147071d371b1f.jpeg?odnHeight=580&amp;odnWidth=580&amp;odnBg=FFFFFF" srcset="https://i5.walmartimages.com/asr/a1f2b7f3-4ec8-47de-8f0d-18316dc3d0a2.d400b717908c401a23d147071d371b1f.jpeg?odnHeight=290&amp;odnWidth=290&amp;odnBg=FFFFFF 1x, https://i5.walmartimages.com/asr/a1f2b7f3-4ec8-47de-8f0d-18316dc3d0a2.d400b717908c401a23d147071d371b1f.jpeg?odnHeight=580&amp;odnWidth=580&amp;odnBg=FFFFFF 2x" width=""/></div><div class="z-2 absolute bottom--1"><div class="dib relative"><button aria-label="Add to cart - Pringles Potato Crisps Chips, Lunch Snacks, On The Go Snacks, Lightly Salted, 5.2 Oz, Can" class="w_6 w_8 w_AD pointer bn bg-blue hover-bg-dark-blue white sans-serif b w-auto ph2 flex items-center justify-center shadow-1" type="button"><i class="ld ld-Plus" style="font-size:1.5rem;vertical-align:-0.25em" title="add to cart"></i><span class="mr2">Add</span></button></div></div></div><div class="mt5 mb1" data-testid="variant-78LNEWO7EM3O" style="height:24px"></div></div><div class=""><div class="flex flex-wrap justify-start items-center lh-title mb2 mb1-m"><div aria-hidden="true" class="b black f5 mr1 mr2-xl lh-copy f4-l">$1.78</div><span class="w_AM">current price $1.78</span><div class="f7 f6-l gray mr1">34.2 ¢/oz</div></div><span class="w_AJ" style="-webkit-line-clamp:3;padding-bottom:0em;margin-bottom:-0em"><span class="f6 f5-l normal dark-gray mb0 mt1 lh-title">Pringles Potato Crisps Chips, Lunch Snacks, On The Go Snacks, Lightly Salted, 5.2 Oz, Can</span></span><div class="mt2 flex items-center"><span class="black inline-flex mr1"><i aria-hidden="true" class="ld ld-StarFill" style="font-size:12px;vertical-align:-0.175em"></i><i aria-hidden="true" class="ld ld-StarFill" style="font-size:12px;vertical-align:-0.175em"></i><i aria-hidden="true" class="ld ld-StarFill" style="font-size:12px;vertical-align:-0.175em"></i><i aria-hidden="true" class="ld ld-StarFill" style="font-size:12px;vertical-align:-0.175em"></i><i aria-hidden="true" class="ld ld-StarHalf" style="font-size:12px;vertical-align:-0.175em"></i></span><span aria-hidden="true" class="sans-serif gray f7">176</span><span class="w_AM">4.4 out of 5 Stars. 176 reviews</span></div><div class="mv2 flex items-center"><div class="f7 mr1 blue b lh-copy">Save with</div><img alt="Walmart Plus" class="pr2 flex" height="20" loading="lazy" src="//i5.walmartimages.com/dfw/63fd9f59-ac39/29c6759d-7f14-49fa-bd3a-b870eb4fb8fb/v1/wplus-icon-blue.svg" width="20"/></div><div class="mt2 mb2"><span class="w_EN w_ET w_EX mr1 mt1 ph1">1-day shipping</span></div></div></div></div></div></div><div class="mb1 ph1 pa0-xl bb b--near-white w-25"><div class="h-100 pb1-xl pr4-xl pv1 ph1" style="content-visibility:auto;contain-intrinsic-size:198px 340px"><div class="sans-serif mid-gray relative flex flex-column w-100" data-item-id="100S25MMZYQ0"><a class="absolute w-100 h-100 z-1" href="/ip/Cheetos-Crunchy-Flamin-Hot-Cheese-Flavored-Snacks-Party-Size-15-oz-Bag/765041057?athbdg=L1600" link-identifier="765041057"><span class="w_AM">Cheetos Crunchy Flamin' Hot Cheese Flavored Snacks, Party Size, 15 oz Bag<!-- --> </span></a><div class="" data-testid="list-view"><div class=""><div class="h2 relative mb2"><span class="w_EN w_ET w_EW absolute">Best seller</span></div><div class="relative"><div class="relative overflow-hidden" style="max-width:290px;height:0;padding-bottom:min(290px, 100%);align-self:center;width:min(290px, 100%)"><img alt="" class="absolute top-0 left-0" data-testid="productTileImage" height="" loading="lazy" src="https://i5.walmartimages.com/asr/2f7a6a6e-288e-4807-9e57-2c77c18957b9.fe0fe09de1abc365b256d2a03986d48a.jpeg?odnHeight=580&amp;odnWidth=580&amp;odnBg=FFFFFF" srcset="https://i5.walmartimages.com/asr/2f7a6a6e-288e-4807-9e57-2c77c18957b9.fe0fe09de1abc365b256d2a03986d48a.jpeg?odnHeight=290&amp;odnWidth=290&amp;odnBg=FFFFFF 1x, https://i5.walmartimages.com/asr/2f7a6a6e-288e-4807-9e57-2c77c18957b9.fe0fe09de1abc365b256d2a03986d48a.jpeg?odnHeight=580&amp;odnWidth=580&amp;odnBg=FFFFFF 2x" width=""/></div><div class="z-2 absolute bottom--1"><div class="dib relative"><button aria-label="Add to cart - Cheetos Crunchy Flamin' Hot Cheese Flavored Snacks, Party Size, 15 oz Bag" class="w_6 w_8 w_AD pointer bn bg-blue hover-bg-dark-blue white sans-serif b w-auto ph2 flex items-center justify-center shadow-1" type="button"><i class="ld ld-Plus" style="font-size:1.5rem;vertical-align:-0.25em" title="add to cart"></i><span class="mr2">Add</span></button></div></div></div><div class="mt5 mb1" data-testid="variant-100S25MMZYQ0" style="height:24px"></div></div><div class=""><div class="flex flex-wrap justify-start items-center lh-title mb2 mb1-m"><div aria-hidden="true" class="b black f5 mr1 mr2-xl lh-copy f4-l">$4.48</div><span class="w_AM">current price $4.48</span><div class="f7 f6-l gray mr1">29.9 ¢/oz</div></div><span class="w_AJ" style="-webkit-line-clamp:3;padding-bottom:0em;margin-bottom:-0em"><span class="f6 f5-l normal dark-gray mb0 mt1 lh-title">Cheetos Crunchy Flamin' Hot Cheese Flavored Snacks, Party Size, 15 oz Bag</span></span><div class="mt2 flex items-center"><span class="black inline-flex mr1"><i aria-hidden="true" class="ld ld-StarFill" style="font-size:12px;vertical-align:-0.175em"></i><i aria-hidden="true" class="ld ld-StarFill" style="font-size:12px;vertical-align:-0.175em"></i><i aria-hidden="true" class="ld ld-StarFill" style="font-size:12px;vertical-align:-0.175em"></i><i aria-hidden="true" class="ld ld-StarFill" style="font-size:12px;vertical-align:-0.175em"></i><i aria-hidden="true" class="ld ld-StarHalf" style="font-size:12px;vertical-align:-0.175em"></i></span><span aria-hidden="true" class="sans-serif gray f7">372</span><span class="w_AM">4.5 out of 5 Stars. 372 reviews</span></div><div class="mv2 flex items-center"><div class="f7 mr1 blue b lh-copy">Save with</div><img alt="Walmart Plus" class="pr2 flex" height="20" loading="lazy" src="//i5.walmartimages.com/dfw/63fd9f59-ac39/29c6759d-7f14-49fa-bd3a-b870eb4fb8fb/v1/wplus-icon-blue.svg" width="20"/></div><div class="mt2 mb2"><span class="w_EN w_ET w_EX mr1 mt1 ph1">Pickup</span><span class="w_EN w_ET w_EX mr1 mt1 ph1">Delivery</span><span class="w_EN w_ET w_EX mr1 mt1 ph1">1-day shipping</span></div></div></div></div></div></div><div class="mb1 ph1 pa0-xl bb b--near-white w-25"><div class="h-100 pb1-xl pr4-xl pv1 ph1"><div class="sans-serif mid-gray relative flex flex-column w-100" data-ad-component-type="wpa-tile" data-item-id="0Y6PR5T0E7V0"><a class="absolute w-100 h-100 z-1" href="https://wrd.walmart.com/track?rdf=1&amp;adUid=69ccb08c-d4f2-4d10-8af1-ba230ead108a&amp;plmt=sp-browse-middle~desktop~&amp;tax=976759_976787_1001390&amp;pltfm=desktop&amp;eventST=click&amp;pgId=976759_976787_1001390&amp;spQs=sdQIXcHRQCj4xeQjJsPgJrp7wzrxDKLQ3QfjOcdZJmiksLIKH8GdMHI51EBhDsz8HZBsqu8sn8Kj8rC9O1lhEfgqwf5yzfvBWMhhUeUGSZVQVjLR8lzM6X9fhE3U1ghLiIWie681WWMHKYLW7YbCyL3DD6o3yjjIm3he9XidNh0&amp;storeId=3081&amp;pt=browse&amp;pos=11&amp;bt=1&amp;mloc=sp-browse-middle&amp;bkt=2478&amp;rd=https%3A%2F%2Fwww.walmart.com%2Fip%2FTakis-Waves-Fuego-Hot-Chili-Pepper-and-Lime-Artificially-Flavored-Potato-Chips-2-5-Ounce-Bag%2F444521463%3Fathbdg%3DL1600&amp;athbdg=L1600" link-identifier="444521463"><span class="w_AM">Takis Waves Fuego, Hot Chili Pepper and Lime Artificially Flavored Potato Chips, 2.5 Ounce Bag </span></a><div class="" data-testid="list-view"><div class=""><div class="h2 relative mb2"><span class="w_EN w_ET w_EW absolute">Best seller</span></div><div class="relative"><div class="relative overflow-hidden" style="max-width: 290px; height: 0px; padding-bottom: min(290px, 100%); align-self: center; width: min(290px, 100%);"><img alt="" class="absolute top-0 left-0" data-testid="productTileImage" height="" loading="lazy" src="https://i5.walmartimages.com/asr/bdab9947-40a1-443c-bb38-11d52a19947f.f2d592735a62aebcb63c2db31a5018e6.jpeg?odnHeight=580&amp;odnWidth=580&amp;odnBg=FFFFFF" srcset="https://i5.walmartimages.com/asr/bdab9947-40a1-443c-bb38-11d52a19947f.f2d592735a62aebcb63c2db31a5018e6.jpeg?odnHeight=290&amp;odnWidth=290&amp;odnBg=FFFFFF 1x, https://i5.walmartimages.com/asr/bdab9947-40a1-443c-bb38-11d52a19947f.f2d592735a62aebcb63c2db31a5018e6.jpeg?odnHeight=580&amp;odnWidth=580&amp;odnBg=FFFFFF 2x" width=""/></div><div class="z-2 absolute bottom--1"><div class="dib relative"><button aria-label="Add to cart - Takis Waves Fuego, Hot Chili Pepper and Lime Artificially Flavored Potato Chips, 2.5 Ounce Bag" class="w_6 w_8 w_AD pointer bn bg-blue hover-bg-dark-blue white sans-serif b w-auto ph2 flex items-center justify-center shadow-1" type="button"><i class="ld ld-Plus" style="font-size: 1.5rem; vertical-align: -0.25em;" title="add to cart"></i><span class="mr2">Add</span></button></div></div></div><div class="mt5 mb1" data-testid="variant-0Y6PR5T0E7V0" style="height: 24px;"><div class="flex items-center lh-title h2-l normal"><span class="gray f7">Sponsored</span></div></div></div><div class=""><div class="flex flex-wrap justify-start items-center lh-title mb2 mb1-m"><div aria-hidden="true" class="b black f5 mr1 mr2-xl lh-copy f4-l">$1.68</div><span class="w_AM">current price $1.68</span><div class="f7 f6-l gray mr1">67.2 ¢/oz</div></div><span class="w_AJ" style="-webkit-line-clamp: 3; padding-bottom: 0em; margin-bottom: 0em;"><span class="f6 f5-l normal dark-gray mb0 mt1 lh-title">Takis Waves Fuego, Hot Chili Pepper and Lime Artificially Flavored Potato Chips, 2.5 Ounce Bag</span></span><div class="mt2 flex items-center"><span class="black inline-flex mr1"><i aria-hidden="true" class="ld ld-StarFill" style="font-size: 12px; vertical-align: -0.175em;"></i><i aria-hidden="true" class="ld ld-StarFill" style="font-size: 12px; vertical-align: -0.175em;"></i><i aria-hidden="true" class="ld ld-StarFill" style="font-size: 12px; vertical-align: -0.175em;"></i><i aria-hidden="true" class="ld ld-Star" style="font-size: 12px; vertical-align: -0.175em;"></i><i aria-hidden="true" class="ld ld-Star" style="font-size: 12px; vertical-align: -0.175em;"></i></span><span aria-hidden="true" class="sans-serif gray f7">12</span><span class="w_AM">3 out of 5 Stars. 12 reviews</span></div><div class="mv2 flex items-center"><div class="f7 mr1 blue b lh-copy">Save with</div><img alt="Walmart Plus" class="pr2 flex" height="20" loading="lazy" src="//i5.walmartimages.com/dfw/63fd9f59-ac39/29c6759d-7f14-49fa-bd3a-b870eb4fb8fb/v1/wplus-icon-blue.svg" width="20"/></div><div class="mt2 mb2"><span class="w_EN w_ET w_EX mr1 mt1 ph1">Pickup</span><span class="w_EN w_ET w_EX mr1 mt1 ph1">Delivery</span></div></div></div></div></div></div><div class="mb1 ph1 pa0-xl bb b--near-white w-25"><div class="h-100 pb1-xl pr4-xl pv1 ph1"><div class="sans-serif mid-gray relative flex flex-column w-100" data-ad-component-type="wpa-tile" data-item-id="3EG4JR8ID5WG"><a class="absolute w-100 h-100 z-1" href="https://wrd.walmart.com/track?rdf=1&amp;adUid=69ccb08c-d4f2-4d10-8af1-ba230ead108a&amp;plmt=sp-browse-middle~desktop~&amp;tax=976759_976787_1001390&amp;pltfm=desktop&amp;eventST=click&amp;pgId=976759_976787_1001390&amp;spQs=ZdBFv8plf2Lzpk3f5yu1sLEniX58VGRqOUtFbh8sT2vTXkUQLQG55ni5jX1W5nxGDhbjOUU9oQPK2zVkQ7dZhp2jehuoOSm_PrK78qy2NfrGCNRjneReT0NPwkKsYpT9H-ngwH_I2OQo_EGAwx0n3L3DD6o3yjjIm3he9XidNh0&amp;storeId=3081&amp;pt=browse&amp;pos=12&amp;bt=1&amp;mloc=sp-browse-middle&amp;bkt=2478&amp;rd=https%3A%2F%2Fwww.walmart.com%2Fip%2FSkinnyPop-White-Cheddar-Popcorn-Gluten-Free-6-7-oz-Sharing-Size-Bag%2F862540076%3Fathbdg%3DL1600&amp;athbdg=L1600" link-identifier="862540076"><span class="w_AM">SkinnyPop White Cheddar Popcorn, Gluten-Free, 6.7 oz Sharing Size Bag </span></a><div class="" data-testid="list-view"><div class=""><div class="h2 relative mb2"><span class="w_EN w_ET w_EW absolute">Best seller</span></div><div class="relative"><div class="relative overflow-hidden" style="max-width: 290px; height: 0px; padding-bottom: min(290px, 100%); align-self: center; width: min(290px, 100%);"><img alt="" class="absolute top-0 left-0" data-testid="productTileImage" height="" loading="lazy" src="https://i5.walmartimages.com/asr/09890200-f4cc-42fc-a0cd-7eb19336ac75.a0bc0d7079a49a9d5aebbc58b5927f53.png?odnHeight=580&amp;odnWidth=580&amp;odnBg=FFFFFF" srcset="https://i5.walmartimages.com/asr/09890200-f4cc-42fc-a0cd-7eb19336ac75.a0bc0d7079a49a9d5aebbc58b5927f53.png?odnHeight=290&amp;odnWidth=290&amp;odnBg=FFFFFF 1x, https://i5.walmartimages.com/asr/09890200-f4cc-42fc-a0cd-7eb19336ac75.a0bc0d7079a49a9d5aebbc58b5927f53.png?odnHeight=580&amp;odnWidth=580&amp;odnBg=FFFFFF 2x" width=""/></div><div class="z-2 absolute bottom--1"><div class="dib relative"><button aria-label="Add to cart - SkinnyPop White Cheddar Popcorn, Gluten-Free, 6.7 oz Sharing Size Bag" class="w_6 w_8 w_AD pointer bn bg-blue hover-bg-dark-blue white sans-serif b w-auto ph2 flex items-center justify-center shadow-1" type="button"><i class="ld ld-Plus" style="font-size: 1.5rem; vertical-align: -0.25em;" title="add to cart"></i><span class="mr2">Add</span></button></div></div></div><div class="mt5 mb1" data-testid="variant-3EG4JR8ID5WG" style="height: 24px;"><div class="flex items-center lh-title h2-l normal"><span class="gray f7">Sponsored</span></div></div></div><div class=""><div class="flex flex-wrap justify-start items-center lh-title mb2 mb1-m"><div aria-hidden="true" class="b black f5 mr1 mr2-xl lh-copy f4-l">$4.20</div><span class="w_AM">current price $4.20</span><div class="f7 f6-l gray mr1">62.7 ¢/oz</div></div><span class="w_AJ" style="-webkit-line-clamp: 3; padding-bottom: 0em; margin-bottom: 0em;"><span class="f6 f5-l normal dark-gray mb0 mt1 lh-title">SkinnyPop White Cheddar Popcorn, Gluten-Free, 6.7 oz Sharing Size Bag</span></span><div class="mt2 flex items-center"><span class="black inline-flex mr1"><i aria-hidden="true" class="ld ld-StarFill" style="font-size: 12px; vertical-align: -0.175em;"></i><i aria-hidden="true" class="ld ld-StarFill" style="font-size: 12px; vertical-align: -0.175em;"></i><i aria-hidden="true" class="ld ld-StarFill" style="font-size: 12px; vertical-align: -0.175em;"></i><i aria-hidden="true" class="ld ld-StarFill" style="font-size: 12px; vertical-align: -0.175em;"></i><i aria-hidden="true" class="ld ld-StarHalf" style="font-size: 12px; vertical-align: -0.175em;"></i></span><span aria-hidden="true" class="sans-serif gray f7">136</span><span class="w_AM">4.3 out of 5 Stars. 136 reviews</span></div><div class="mv2 flex items-center"><div class="f7 mr1 blue b lh-copy">Save with</div><img alt="Walmart Plus" class="pr2 flex" height="20" loading="lazy" src="//i5.walmartimages.com/dfw/63fd9f59-ac39/29c6759d-7f14-49fa-bd3a-b870eb4fb8fb/v1/wplus-icon-blue.svg" width="20"/></div><div class="mt2 mb2"><span class="w_EN w_ET w_EX mr1 mt1 ph1">Pickup</span><span class="w_EN w_ET w_EX mr1 mt1 ph1">Delivery</span><span class="w_EN w_ET w_EX mr1 mt1 ph1">1-day shipping</span></div></div></div></div></div></div><div class="mb1 ph1 pa0-xl bb b--near-white w-25"><div class="h-100 pb1-xl pr4-xl pv1 ph1"><div class="sans-serif mid-gray relative flex flex-column w-100" data-item-id="2GIPUPE6VCKO"><a class="absolute w-100 h-100 z-1" href="/ip/Great-Value-Family-Variety-Pack-18-Count-1-oz/787516986" link-identifier="787516986"><span class="w_AM">Great Value Family Variety Pack 18 Count, 1 oz </span></a><div class="" data-testid="list-view"><div class=""><div class="h2 relative mb2"></div><div class="relative"><div class="relative overflow-hidden" style="max-width: 290px; height: 0px; padding-bottom: min(290px, 100%); align-self: center; width: min(290px, 100%);"><img alt="" class="absolute top-0 left-0" data-testid="productTileImage" height="" loading="lazy" src="https://i5.walmartimages.com/asr/6dadce52-cd27-4b49-b774-0ff381ec4b03_2.2a0c2478e3457618c41f7842c0259438.jpeg?odnHeight=580&amp;odnWidth=580&amp;odnBg=FFFFFF" srcset="https://i5.walmartimages.com/asr/6dadce52-cd27-4b49-b774-0ff381ec4b03_2.2a0c2478e3457618c41f7842c0259438.jpeg?odnHeight=290&amp;odnWidth=290&amp;odnBg=FFFFFF 1x, https://i5.walmartimages.com/asr/6dadce52-cd27-4b49-b774-0ff381ec4b03_2.2a0c2478e3457618c41f7842c0259438.jpeg?odnHeight=580&amp;odnWidth=580&amp;odnBg=FFFFFF 2x" width=""/></div><div class="z-2 absolute bottom--1"><div class="dib relative"><button aria-label="Add to cart - Great Value Family Variety Pack 18 Count, 1 oz" class="w_6 w_8 w_AD pointer bn bg-blue hover-bg-dark-blue white sans-serif b w-auto ph2 flex items-center justify-center shadow-1" type="button"><i class="ld ld-Plus" style="font-size: 1.5rem; vertical-align: -0.25em;" title="add to cart"></i><span class="mr2">Add</span></button></div></div></div><div class="mt5 mb1" data-testid="variant-2GIPUPE6VCKO" style="height: 24px;"></div></div><div class=""><div class="flex flex-wrap justify-start items-center lh-title mb2 mb1-m"><div aria-hidden="true" class="b black f5 mr1 mr2-xl lh-copy f4-l">$6.12</div><span class="w_AM">current price $6.12</span><div class="f7 f6-l gray mr1">34.0 ¢/oz</div></div><span class="w_AJ" style="-webkit-line-clamp: 3; padding-bottom: 0em; margin-bottom: 0em;"><span class="f6 f5-l normal dark-gray mb0 mt1 lh-title">Great Value Family Variety Pack 18 Count, 1 oz</span></span><div class="mt2 flex items-center"><span class="black inline-flex mr1"><i aria-hidden="true" class="ld ld-StarFill" style="font-size: 12px; vertical-align: -0.175em;"></i><i aria-hidden="true" class="ld ld-StarFill" style="font-size: 12px; vertical-align: -0.175em;"></i><i aria-hidden="true" class="ld ld-StarFill" style="font-size: 12px; vertical-align: -0.175em;"></i><i aria-hidden="true" class="ld ld-StarHalf" style="font-size: 12px; vertical-align: -0.175em;"></i><i aria-hidden="true" class="ld ld-Star" style="font-size: 12px; vertical-align: -0.175em;"></i></span><span aria-hidden="true" class="sans-serif gray f7">20</span><span class="w_AM">3.7 out of 5 Stars. 20 reviews</span></div><div class="mv2 flex items-center"><div class="f7 mr1 blue b lh-copy">Save with</div><img alt="Walmart Plus" class="pr2 flex" height="20" loading="lazy" src="//i5.walmartimages.com/dfw/63fd9f59-ac39/29c6759d-7f14-49fa-bd3a-b870eb4fb8fb/v1/wplus-icon-blue.svg" width="20"/></div><div class="mt2 mb2"><span class="w_EN w_ET w_EX mr1 mt1 ph1">Pickup</span><span class="w_EN w_ET w_EX mr1 mt1 ph1">Delivery</span><span class="w_EN w_ET w_EX mr1 mt1 ph1">1-day shipping</span></div></div></div></div></div></div><div class="mb1 ph1 pa0-xl bb b--near-white w-25"><div class="h-100 pb1-xl pr4-xl pv1 ph1"><div class="sans-serif mid-gray relative flex flex-column w-100" data-item-id="291PPLJ4PVWL"><a class="absolute w-100 h-100 z-1" href="/ip/Great-Value-Crispy-Rice-Treats-14-4-oz-12-Count/519565805" link-identifier="519565805"><span class="w_AM">Great Value Crispy Rice Treats, 14.4 oz, 12 Count </span></a><div class="" data-testid="list-view"><div class=""><div class="h2 relative mb2"></div><div class="relative"><div class="relative overflow-hidden" style="max-width: 290px; height: 0px; padding-bottom: min(290px, 100%); align-self: center; width: min(290px, 100%);"><img alt="" class="absolute top-0 left-0" data-testid="productTileImage" height="" loading="lazy" src="https://i5.walmartimages.com/asr/50261b23-777e-4092-9646-83dda5ea1947_2.83eca52d3c27b2e0f11ba6cf1933a902.jpeg?odnHeight=580&amp;odnWidth=580&amp;odnBg=FFFFFF" srcset="https://i5.walmartimages.com/asr/50261b23-777e-4092-9646-83dda5ea1947_2.83eca52d3c27b2e0f11ba6cf1933a902.jpeg?odnHeight=290&amp;odnWidth=290&amp;odnBg=FFFFFF 1x, https://i5.walmartimages.com/asr/50261b23-777e-4092-9646-83dda5ea1947_2.83eca52d3c27b2e0f11ba6cf1933a902.jpeg?odnHeight=580&amp;odnWidth=580&amp;odnBg=FFFFFF 2x" width=""/></div><div class="z-2 absolute bottom--1"><div class="dib relative"><button aria-label="Add to cart - Great Value Crispy Rice Treats, 14.4 oz, 12 Count" class="w_6 w_8 w_AD pointer bn bg-blue hover-bg-dark-blue white sans-serif b w-auto ph2 flex items-center justify-center shadow-1" type="button"><i class="ld ld-Plus" style="font-size: 1.5rem; vertical-align: -0.25em;" title="add to cart"></i><span class="mr2">Add</span></button></div></div></div><div class="mt5 mb1" data-testid="variant-291PPLJ4PVWL" style="height: 24px;"></div></div><div class=""><div class="flex flex-wrap justify-start items-center lh-title mb2 mb1-m"><div aria-hidden="true" class="b black f5 mr1 mr2-xl lh-copy f4-l">$3.50</div><span class="w_AM">current price $3.50</span><div class="f7 f6-l gray mr1">24.3 ¢/oz</div></div><span class="w_AJ" style="-webkit-line-clamp: 3; padding-bottom: 0em; margin-bottom: 0em;"><span class="f6 f5-l normal dark-gray mb0 mt1 lh-title">Great Value Crispy Rice Treats, 14.4 oz, 12 Count</span></span><div class="mt2 flex items-center"><span class="black inline-flex mr1"><i aria-hidden="true" class="ld ld-StarFill" style="font-size: 12px; vertical-align: -0.175em;"></i><i aria-hidden="true" class="ld ld-StarFill" style="font-size: 12px; vertical-align: -0.175em;"></i><i aria-hidden="true" class="ld ld-StarFill" style="font-size: 12px; vertical-align: -0.175em;"></i><i aria-hidden="true" class="ld ld-StarHalf" style="font-size: 12px; vertical-align: -0.175em;"></i><i aria-hidden="true" class="ld ld-Star" style="font-size: 12px; vertical-align: -0.175em;"></i></span><span aria-hidden="true" class="sans-serif gray f7">69</span><span class="w_AM">3.7 out of 5 Stars. 69 reviews</span></div><div class="mv2 flex items-center"><div class="f7 mr1 blue b lh-copy">Save with</div><img alt="Walmart Plus" class="pr2 flex" height="20" loading="lazy" src="//i5.walmartimages.com/dfw/63fd9f59-ac39/29c6759d-7f14-49fa-bd3a-b870eb4fb8fb/v1/wplus-icon-blue.svg" width="20"/></div><div class="mt2 mb2"><span class="w_EN w_ET w_EX mr1 mt1 ph1">Pickup</span><span class="w_EN w_ET w_EX mr1 mt1 ph1">Delivery</span></div></div></div></div></div></div><div class="mb1 ph1 pa0-xl bb b--near-white w-25"><div class="h-100 pb1-xl pr4-xl pv1 ph1"><div class="sans-serif mid-gray relative flex flex-column w-100" data-item-id="2MCHBP5ATELE"><a class="absolute w-100 h-100 z-1" href="/ip/Fritos-Jalapeno-Cheddar-Flavored-Cheese-Dip-9-oz/10790821?athbdg=L1600" link-identifier="10790821"><span class="w_AM">Fritos Jalapeno Cheddar Flavored Cheese Dip, 9 oz </span></a><div class="" data-testid="list-view"><div class=""><div class="h2 relative mb2"><span class="w_EN w_ET w_EW absolute">Best seller</span></div><div class="relative"><div class="relative overflow-hidden" style="max-width: 290px; height: 0px; padding-bottom: min(290px, 100%); align-self: center; width: min(290px, 100%);"><img alt="" class="absolute top-0 left-0" data-testid="productTileImage" height="" loading="lazy" src="https://i5.walmartimages.com/asr/2ec38718-501f-4271-916f-019cf10d255d.8b537ff88781b9c30ff29600eeddcacb.jpeg?odnHeight=580&amp;odnWidth=580&amp;odnBg=FFFFFF" srcset="https://i5.walmartimages.com/asr/2ec38718-501f-4271-916f-019cf10d255d.8b537ff88781b9c30ff29600eeddcacb.jpeg?odnHeight=290&amp;odnWidth=290&amp;odnBg=FFFFFF 1x, https://i5.walmartimages.com/asr/2ec38718-501f-4271-916f-019cf10d255d.8b537ff88781b9c30ff29600eeddcacb.jpeg?odnHeight=580&amp;odnWidth=580&amp;odnBg=FFFFFF 2x" width=""/></div><div class="z-2 absolute bottom--1"><div class="dib relative"><button aria-label="Add to cart - Fritos Jalapeno Cheddar Flavored Cheese Dip, 9 oz" class="w_6 w_8 w_AD pointer bn bg-blue hover-bg-dark-blue white sans-serif b w-auto ph2 flex items-center justify-center shadow-1" type="button"><i class="ld ld-Plus" style="font-size: 1.5rem; vertical-align: -0.25em;" title="add to cart"></i><span class="mr2">Add</span></button></div></div></div><div class="mt5 mb1" data-testid="variant-2MCHBP5ATELE" style="height: 24px;"></div></div><div class=""><div class="flex flex-wrap justify-start items-center lh-title mb2 mb1-m"><div aria-hidden="true" class="b black f5 mr1 mr2-xl lh-copy f4-l">$3.28</div><span class="w_AM">current price $3.28</span><div class="f7 f6-l gray mr1">36.4 ¢/oz</div></div><span class="w_AJ" style="-webkit-line-clamp: 3; padding-bottom: 0em; margin-bottom: 0em;"><span class="f6 f5-l normal dark-gray mb0 mt1 lh-title">Fritos Jalapeno Cheddar Flavored Cheese Dip, 9 oz</span></span><div class="mv2 flex items-center"><div class="f7 mr1 blue b lh-copy">Save with</div><img alt="Walmart Plus" class="pr2 flex" height="20" loading="lazy" src="//i5.walmartimages.com/dfw/63fd9f59-ac39/29c6759d-7f14-49fa-bd3a-b870eb4fb8fb/v1/wplus-icon-blue.svg" width="20"/></div><div class="mt2 mb2"><span class="w_EN w_ET w_EX mr1 mt1 ph1">Pickup</span><span class="w_EN w_ET w_EX mr1 mt1 ph1">Delivery</span><span class="w_EN w_ET w_EX mr1 mt1 ph1">3+ day shipping</span></div></div></div></div></div></div><div class="mb1 ph1 pa0-xl bb b--near-white w-25"><div class="h-100 pb1-xl pr4-xl pv1 ph1"><div class="sans-serif mid-gray relative flex flex-column w-100" data-item-id="376IIM4TD2S0"><a class="absolute w-100 h-100 z-1" href="/ip/Lay-s-Wavy-Original-Potato-Chips-Party-Size-13-oz-Bag/652141083" link-identifier="652141083"><span class="w_AM">Lay's Wavy Original Potato Chips, Party Size, 13 oz Bag </span></a><div class="" data-testid="list-view"><div class=""><div class="h2 relative mb2"></div><div class="relative"><div class="relative overflow-hidden" style="max-width: 290px; height: 0px; padding-bottom: min(290px, 100%); align-self: center; width: min(290px, 100%);"><img alt="" class="absolute top-0 left-0" data-testid="productTileImage" height="" loading="lazy" src="https://i5.walmartimages.com/asr/81559d4c-aa19-4858-97c5-158841d729a3.4ea62378814b1e82bc7fb3a92c7a7827.jpeg?odnHeight=580&amp;odnWidth=580&amp;odnBg=FFFFFF" srcset="https://i5.walmartimages.com/asr/81559d4c-aa19-4858-97c5-158841d729a3.4ea62378814b1e82bc7fb3a92c7a7827.jpeg?odnHeight=290&amp;odnWidth=290&amp;odnBg=FFFFFF 1x, https://i5.walmartimages.com/asr/81559d4c-aa19-4858-97c5-158841d729a3.4ea62378814b1e82bc7fb3a92c7a7827.jpeg?odnHeight=580&amp;odnWidth=580&amp;odnBg=FFFFFF 2x" width=""/></div><div class="z-2 absolute bottom--1"><div class="dib relative"><button aria-label="Add to cart - Lay's Wavy Original Potato Chips, Party Size, 13 oz Bag" class="w_6 w_8 w_AD pointer bn bg-blue hover-bg-dark-blue white sans-serif b w-auto ph2 flex items-center justify-center shadow-1" type="button"><i class="ld ld-Plus" style="font-size: 1.5rem; vertical-align: -0.25em;" title="add to cart"></i><span class="mr2">Add</span></button></div></div></div><div class="mt5 mb1" data-testid="variant-376IIM4TD2S0" style="height: 24px;"></div></div><div class=""><div class="flex flex-wrap justify-start items-center lh-title mb2 mb1-m"><div aria-hidden="true" class="b black f5 mr1 mr2-xl lh-copy f4-l">$4.48</div><span class="w_AM">current price $4.48</span></div><span class="w_AJ" style="-webkit-line-clamp: 3; padding-bottom: 0em; margin-bottom: 0em;"><span class="f6 f5-l normal dark-gray mb0 mt1 lh-title">Lay's Wavy Original Potato Chips, Party Size, 13 oz Bag</span></span><div class="mt2 flex items-center"><span class="black inline-flex mr1"><i aria-hidden="true" class="ld ld-StarFill" style="font-size: 12px; vertical-align: -0.175em;"></i><i aria-hidden="true" class="ld ld-StarFill" style="font-size: 12px; vertical-align: -0.175em;"></i><i aria-hidden="true" class="ld ld-StarFill" style="font-size: 12px; vertical-align: -0.175em;"></i><i aria-hidden="true" class="ld ld-StarFill" style="font-size: 12px; vertical-align: -0.175em;"></i><i aria-hidden="true" class="ld ld-Star" style="font-size: 12px; vertical-align: -0.175em;"></i></span><span aria-hidden="true" class="sans-serif gray f7">662</span><span class="w_AM">4.2 out of 5 Stars. 662 reviews</span></div><div class="mv2 flex items-center"><div class="f7 mr1 blue b lh-copy">Save with</div><img alt="Walmart Plus" class="pr2 flex" height="20" loading="lazy" src="//i5.walmartimages.com/dfw/63fd9f59-ac39/29c6759d-7f14-49fa-bd3a-b870eb4fb8fb/v1/wplus-icon-blue.svg" width="20"/></div><div class="mt2 mb2"><span class="w_EN w_ET w_EX mr1 mt1 ph1">Pickup</span><span class="w_EN w_ET w_EX mr1 mt1 ph1">Delivery</span><span class="w_EN w_ET w_EX mr1 mt1 ph1">3+ day shipping</span></div></div></div></div></div></div><div class="mb1 ph1 pa0-xl bb b--near-white w-25"><div class="h-100 pb1-xl pr4-xl pv1 ph1"><div class="sans-serif mid-gray relative flex flex-column w-100" data-item-id="563PKBAGJDIP"><a class="absolute w-100 h-100 z-1" href="/ip/Lay-s-Potato-Chips-Sour-Cream-Onion-Flavor-7-75-oz-Bag/33282306" link-identifier="33282306"><span class="w_AM">Lay's Potato Chips, Sour Cream &amp; Onion Flavor, 7.75 oz Bag </span></a><div class="" data-testid="list-view"><div class=""><div class="h2 relative mb2"></div><div class="relative"><div class="relative overflow-hidden" style="max-width: 290px; height: 0px; padding-bottom: min(290px, 100%); align-self: center; width: min(290px, 100%);"><img alt="" class="absolute top-0 left-0" data-testid="productTileImage" height="" loading="lazy" src="https://i5.walmartimages.com/asr/4a22f777-af35-48b3-923e-8dc5ed4c1083.9a97c7544c2c96eaa2b331a00b41594f.jpeg?odnHeight=580&amp;odnWidth=580&amp;odnBg=FFFFFF" srcset="https://i5.walmartimages.com/asr/4a22f777-af35-48b3-923e-8dc5ed4c1083.9a97c7544c2c96eaa2b331a00b41594f.jpeg?odnHeight=290&amp;odnWidth=290&amp;odnBg=FFFFFF 1x, https://i5.walmartimages.com/asr/4a22f777-af35-48b3-923e-8dc5ed4c1083.9a97c7544c2c96eaa2b331a00b41594f.jpeg?odnHeight=580&amp;odnWidth=580&amp;odnBg=FFFFFF 2x" width=""/></div><div class="z-2 absolute bottom--1"><div class="dib relative"><button aria-label="Add to cart - Lay's Potato Chips, Sour Cream &amp; Onion Flavor, 7.75 oz Bag" class="w_6 w_8 w_AD pointer bn bg-blue hover-bg-dark-blue white sans-serif b w-auto ph2 flex items-center justify-center shadow-1" type="button"><i class="ld ld-Plus" style="font-size: 1.5rem; vertical-align: -0.25em;" title="add to cart"></i><span class="mr2">Add</span></button></div></div></div><div class="mt5 mb1" data-testid="variant-563PKBAGJDIP" style="height: 24px;"></div></div><div class=""><div class="flex flex-wrap justify-start items-center lh-title mb2 mb1-m"><div aria-hidden="true" class="b black f5 mr1 mr2-xl lh-copy f4-l">$2.98</div><span class="w_AM">current price $2.98</span><div class="f7 f6-l gray mr1">38.5 ¢/oz</div></div><span class="w_AJ" style="-webkit-line-clamp: 3; padding-bottom: 0em; margin-bottom: 0em;"><span class="f6 f5-l normal dark-gray mb0 mt1 lh-title">Lay's Potato Chips, Sour Cream &amp; Onion Flavor, 7.75 oz Bag</span></span><div class="mt2 flex items-center"><span class="black inline-flex mr1"><i aria-hidden="true" class="ld ld-StarFill" style="font-size: 12px; vertical-align: -0.175em;"></i><i aria-hidden="true" class="ld ld-StarFill" style="font-size: 12px; vertical-align: -0.175em;"></i><i aria-hidden="true" class="ld ld-StarFill" style="font-size: 12px; vertical-align: -0.175em;"></i><i aria-hidden="true" class="ld ld-StarFill" style="font-size: 12px; vertical-align: -0.175em;"></i><i aria-hidden="true" class="ld ld-StarHalf" style="font-size: 12px; vertical-align: -0.175em;"></i></span><span aria-hidden="true" class="sans-serif gray f7">336</span><span class="w_AM">4.5 out of 5 Stars. 336 reviews</span></div><div class="mv2 flex items-center"><div class="f7 mr1 blue b lh-copy">Save with</div><img alt="Walmart Plus" class="pr2 flex" height="20" loading="lazy" src="//i5.walmartimages.com/dfw/63fd9f59-ac39/29c6759d-7f14-49fa-bd3a-b870eb4fb8fb/v1/wplus-icon-blue.svg" width="20"/></div><div class="mt2 mb2"><span class="w_EN w_ET w_EX mr1 mt1 ph1">Pickup</span><span class="w_EN w_ET w_EX mr1 mt1 ph1">Delivery</span><span class="w_EN w_ET w_EX mr1 mt1 ph1">1-day shipping</span></div></div></div></div></div></div><div class="mb1 ph1 pa0-xl bb b--near-white w-25"><div class="h-100 pb1-xl pr4-xl pv1 ph1"><div class="sans-serif mid-gray relative flex flex-column w-100" data-item-id="1BKSA0L3Z4YD"><a class="absolute w-100 h-100 z-1" href="/ip/Tostitos-Salsa-Medium-Salsa-Con-Queso-15-Oz-Jar/15240680?athbdg=L1600" link-identifier="15240680"><span class="w_AM">Tostitos Salsa, Medium Salsa Con Queso, 15 Oz Jar </span></a><div class="" data-testid="list-view"><div class=""><div class="h2 relative mb2"><span class="w_EN w_ET w_EW absolute">Best seller</span></div><div class="relative"><div class="relative overflow-hidden" style="max-width: 290px; height: 0px; padding-bottom: min(290px, 100%); align-self: center; width: min(290px, 100%);"><img alt="" class="absolute top-0 left-0" data-testid="productTileImage" height="" loading="lazy" src="https://i5.walmartimages.com/asr/7404dd32-b53c-44c8-b789-64fdf150aa44.de35740ece3f5ef72b7c2cfb2f47d64c.jpeg?odnHeight=580&amp;odnWidth=580&amp;odnBg=FFFFFF" srcset="https://i5.walmartimages.com/asr/7404dd32-b53c-44c8-b789-64fdf150aa44.de35740ece3f5ef72b7c2cfb2f47d64c.jpeg?odnHeight=290&amp;odnWidth=290&amp;odnBg=FFFFFF 1x, https://i5.walmartimages.com/asr/7404dd32-b53c-44c8-b789-64fdf150aa44.de35740ece3f5ef72b7c2cfb2f47d64c.jpeg?odnHeight=580&amp;odnWidth=580&amp;odnBg=FFFFFF 2x" width=""/></div><div class="z-2 absolute bottom--1"><div class="dib relative"><button aria-label="Add to cart - Tostitos Salsa, Medium Salsa Con Queso, 15 Oz Jar" class="w_6 w_8 w_AD pointer bn bg-blue hover-bg-dark-blue white sans-serif b w-auto ph2 flex items-center justify-center shadow-1" type="button"><i class="ld ld-Plus" style="font-size: 1.5rem; vertical-align: -0.25em;" title="add to cart"></i><span class="mr2">Add</span></button></div></div></div><div class="mt5 mb1" data-testid="variant-1BKSA0L3Z4YD" style="height: 24px;"></div></div><div class=""><div class="flex flex-wrap justify-start items-center lh-title mb2 mb1-m"><div aria-hidden="true" class="b black f5 mr1 mr2-xl lh-copy f4-l">$4.48</div><span class="w_AM">current price $4.48</span><div class="f7 f6-l gray mr1">29.9 ¢/oz</div></div><span class="w_AJ" style="-webkit-line-clamp: 3; padding-bottom: 0em; margin-bottom: 0em;"><span class="f6 f5-l normal dark-gray mb0 mt1 lh-title">Tostitos Salsa, Medium Salsa Con Queso, 15 Oz Jar</span></span><div class="mv2 flex items-center"><div class="f7 mr1 blue b lh-copy">Save with</div><img alt="Walmart Plus" class="pr2 flex" height="20" loading="lazy" src="//i5.walmartimages.com/dfw/63fd9f59-ac39/29c6759d-7f14-49fa-bd3a-b870eb4fb8fb/v1/wplus-icon-blue.svg" width="20"/></div><div class="mt2 mb2"><span class="w_EN w_ET w_EX mr1 mt1 ph1">Pickup</span><span class="w_EN w_ET w_EX mr1 mt1 ph1">Delivery</span><span class="w_EN w_ET w_EX mr1 mt1 ph1">1-day shipping</span></div></div></div></div></div></div><div class="mb1 ph1 pa0-xl bb b--near-white w-25"><div class="h-100 pb1-xl pr4-xl pv1 ph1"><div class="sans-serif mid-gray relative flex flex-column w-100" data-item-id="5FDRGAXK242D"><a class="absolute w-100 h-100 z-1" href="/ip/Ruffles-Potato-Chips-Cheddar-Sour-Cream-Flavored-8-Oz/992619347" link-identifier="992619347"><span class="w_AM">Ruffles Potato Chips Cheddar &amp; Sour Cream Flavored 8 Oz </span></a><div class="" data-testid="list-view"><div class=""><div class="h2 relative mb2"></div><div class="relative"><div class="relative overflow-hidden" style="max-width: 290px; height: 0px; padding-bottom: min(290px, 100%); align-self: center; width: min(290px, 100%);"><img alt="" class="absolute top-0 left-0" data-testid="productTileImage" height="" loading="lazy" src="https://i5.walmartimages.com/asr/415c3221-0376-473b-b96a-1417805d690b.84562d1a2dfb48312373727da5668bc8.jpeg?odnHeight=580&amp;odnWidth=580&amp;odnBg=FFFFFF" srcset="https://i5.walmartimages.com/asr/415c3221-0376-473b-b96a-1417805d690b.84562d1a2dfb48312373727da5668bc8.jpeg?odnHeight=290&amp;odnWidth=290&amp;odnBg=FFFFFF 1x, https://i5.walmartimages.com/asr/415c3221-0376-473b-b96a-1417805d690b.84562d1a2dfb48312373727da5668bc8.jpeg?odnHeight=580&amp;odnWidth=580&amp;odnBg=FFFFFF 2x" width=""/></div><div class="z-2 absolute bottom--1"><div class="dib relative"><button aria-label="Add to cart - Ruffles Potato Chips Cheddar &amp; Sour Cream Flavored 8 Oz" class="w_6 w_8 w_AD pointer bn bg-blue hover-bg-dark-blue white sans-serif b w-auto ph2 flex items-center justify-center shadow-1" type="button"><i class="ld ld-Plus" style="font-size: 1.5rem; vertical-align: -0.25em;" title="add to cart"></i><span class="mr2">Add</span></button></div></div></div><div class="mt5 mb1" data-testid="variant-5FDRGAXK242D" style="height: 24px;"></div></div><div class=""><div class="flex flex-wrap justify-start items-center lh-title mb2 mb1-m"><div aria-hidden="true" class="b black f5 mr1 mr2-xl lh-copy f4-l">$3.00</div><span class="w_AM">current price $3.00</span><div class="f7 f6-l gray mr1">37.5 ¢/oz</div></div><span class="w_AJ" style="-webkit-line-clamp: 3; padding-bottom: 0em; margin-bottom: 0em;"><span class="f6 f5-l normal dark-gray mb0 mt1 lh-title">Ruffles Potato Chips Cheddar &amp; Sour Cream Flavored 8 Oz</span></span><div class="mt2 flex items-center"><span class="black inline-flex mr1"><i aria-hidden="true" class="ld ld-StarFill" style="font-size: 12px; vertical-align: -0.175em;"></i><i aria-hidden="true" class="ld ld-StarFill" style="font-size: 12px; vertical-align: -0.175em;"></i><i aria-hidden="true" class="ld ld-StarFill" style="font-size: 12px; vertical-align: -0.175em;"></i><i aria-hidden="true" class="ld ld-Star" style="font-size: 12px; vertical-align: -0.175em;"></i><i aria-hidden="true" class="ld ld-Star" style="font-size: 12px; vertical-align: -0.175em;"></i></span><span aria-hidden="true" class="sans-serif gray f7">30</span><span class="w_AM">3.2 out of 5 Stars. 30 reviews</span></div><div class="mv2 flex items-center"><div class="f7 mr1 blue b lh-copy">Save with</div><img alt="Walmart Plus" class="pr2 flex" height="20" loading="lazy" src="//i5.walmartimages.com/dfw/63fd9f59-ac39/29c6759d-7f14-49fa-bd3a-b870eb4fb8fb/v1/wplus-icon-blue.svg" width="20"/></div><div class="mt2 mb2"><span class="w_EN w_ET w_EX mr1 mt1 ph1">Pickup</span><span class="w_EN w_ET w_EX mr1 mt1 ph1">Delivery</span><span class="w_EN w_ET w_EX mr1 mt1 ph1">1-day shipping</span></div></div></div></div></div></div><div class="mb1 ph1 pa0-xl bb b--near-white w-25"><div class="h-100 pb1-xl pr4-xl pv1 ph1"><div class="sans-serif mid-gray relative flex flex-column w-100" data-item-id="43HXOX035BVM"><a class="absolute w-100 h-100 z-1" href="/ip/Lay-s-Potato-Chips-Lightly-Salted-Classic-12-5-Oz/772029598" link-identifier="772029598"><span class="w_AM">Lay's Potato Chips Lightly Salted Classic 12.5 Oz </span></a><div class="" data-testid="list-view"><div class=""><div class="h2 relative mb2"></div><div class="relative"><div class="relative overflow-hidden" style="max-width: 290px; height: 0px; padding-bottom: min(290px, 100%); align-self: center; width: min(290px, 100%);"><img alt="" class="absolute top-0 left-0" data-testid="productTileImage" height="" loading="lazy" src="https://i5.walmartimages.com/asr/0c2e79e3-b8b2-46ac-9407-172db44ce1b3.0e56e44da418275ceae31c7f0c71a0b1.jpeg?odnHeight=580&amp;odnWidth=580&amp;odnBg=FFFFFF" srcset="https://i5.walmartimages.com/asr/0c2e79e3-b8b2-46ac-9407-172db44ce1b3.0e56e44da418275ceae31c7f0c71a0b1.jpeg?odnHeight=290&amp;odnWidth=290&amp;odnBg=FFFFFF 1x, https://i5.walmartimages.com/asr/0c2e79e3-b8b2-46ac-9407-172db44ce1b3.0e56e44da418275ceae31c7f0c71a0b1.jpeg?odnHeight=580&amp;odnWidth=580&amp;odnBg=FFFFFF 2x" width=""/></div><div class="z-2 absolute bottom--1"><div class="dib relative"><button aria-label="Add to cart - Lay's Potato Chips Lightly Salted Classic 12.5 Oz" class="w_6 w_8 w_AD pointer bn bg-blue hover-bg-dark-blue white sans-serif b w-auto ph2 flex items-center justify-center shadow-1" type="button"><i class="ld ld-Plus" style="font-size: 1.5rem; vertical-align: -0.25em;" title="add to cart"></i><span class="mr2">Add</span></button></div></div></div><div class="mt5 mb1" data-testid="variant-43HXOX035BVM" style="height: 24px;"></div></div><div class=""><div class="flex flex-wrap justify-start items-center lh-title mb2 mb1-m"><div aria-hidden="true" class="b black f5 mr1 mr2-xl lh-copy f4-l">$4.48</div><span class="w_AM">current price $4.48</span><div aria-hidden="true" class="f7 f6-l strike gray mr3">$5.89</div><span class="w_AM">was $5.89</span><div class="f7 f6-l gray mr1">35.8 ¢/oz</div></div><span class="w_AJ" style="-webkit-line-clamp: 3; padding-bottom: 0em; margin-bottom: 0em;"><span class="f6 f5-l normal dark-gray mb0 mt1 lh-title">Lay's Potato Chips Lightly Salted Classic 12.5 Oz</span></span><div class="mt2 flex items-center"><span class="black inline-flex mr1"><i aria-hidden="true" class="ld ld-StarFill" style="font-size: 12px; vertical-align: -0.175em;"></i><i aria-hidden="true" class="ld ld-StarFill" style="font-size: 12px; vertical-align: -0.175em;"></i><i aria-hidden="true" class="ld ld-StarFill" style="font-size: 12px; vertical-align: -0.175em;"></i><i aria-hidden="true" class="ld ld-StarFill" style="font-size: 12px; vertical-align: -0.175em;"></i><i aria-hidden="true" class="ld ld-StarHalf" style="font-size: 12px; vertical-align: -0.175em;"></i></span><span aria-hidden="true" class="sans-serif gray f7">430</span><span class="w_AM">4.3 out of 5 Stars. 430 reviews</span></div><div class="mv2 flex items-center"><div class="f7 mr1 blue b lh-copy">Save with</div><img alt="Walmart Plus" class="pr2 flex" height="20" loading="lazy" src="//i5.walmartimages.com/dfw/63fd9f59-ac39/29c6759d-7f14-49fa-bd3a-b870eb4fb8fb/v1/wplus-icon-blue.svg" width="20"/></div><div class="mt2 mb2"><span class="w_EN w_ET w_EX mr1 mt1 ph1">Pickup</span><span class="w_EN w_ET w_EX mr1 mt1 ph1">Delivery</span></div></div></div></div></div></div><div class="mb1 ph1 pa0-xl bb b--near-white w-25"><div class="h-100 pb1-xl pr4-xl pv1 ph1"><div class="sans-serif mid-gray relative flex flex-column w-100" data-ad-component-type="wpa-tile" data-item-id="1S6OCPOQCEI6"><a class="absolute w-100 h-100 z-1" href="https://wrd.walmart.com/track?rdf=1&amp;adUid=69ccb08c-d4f2-4d10-8af1-ba230ead108a&amp;plmt=sp-browse-middle~desktop~&amp;tax=976759_976787_1001390&amp;pltfm=desktop&amp;eventST=click&amp;pgId=976759_976787_1001390&amp;spQs=4JMXXDM0ERGf40xTjo8CyTCcDWdH6ax1RhK8ZBLJPOOIcTCM3ND9XcKiaZJL4JI-J17gu7x0gyes0xVJj08RuO4oO6-9AYcshF11EQYlZQ8N7t_R9bKIo19w7KOdOoqjXdHCr6_fMdQfzQMVrq4jkspFibgPqM9BLR8fkwcWOPs&amp;storeId=3081&amp;pt=browse&amp;pos=22&amp;bt=1&amp;mloc=sp-browse-middle&amp;bkt=2478&amp;rd=https%3A%2F%2Fwww.walmart.com%2Fip%2F15-oz-Utz-Potato-Stix-Canister%2F19757588%3Fathbdg%3DL1600&amp;athbdg=L1600" link-identifier="19757588"><span class="w_AM">15 oz Utz Potato Stix Canister </span></a><div class="" data-testid="list-view"><div class=""><div class="h2 relative mb2"><span class="w_EN w_ET w_EW absolute">Best seller</span></div><div class="relative"><div class="relative overflow-hidden" style="max-width: 290px; height: 0px; padding-bottom: min(290px, 100%); align-self: center; width: min(290px, 100%);"><img alt="" class="absolute top-0 left-0" data-testid="productTileImage" height="" loading="lazy" src="https://i5.walmartimages.com/asr/347b28c1-47c3-496d-b884-6629e11323ca.039db5953e1bd750ce9969856b23b599.jpeg?odnHeight=580&amp;odnWidth=580&amp;odnBg=FFFFFF" srcset="https://i5.walmartimages.com/asr/347b28c1-47c3-496d-b884-6629e11323ca.039db5953e1bd750ce9969856b23b599.jpeg?odnHeight=290&amp;odnWidth=290&amp;odnBg=FFFFFF 1x, https://i5.walmartimages.com/asr/347b28c1-47c3-496d-b884-6629e11323ca.039db5953e1bd750ce9969856b23b599.jpeg?odnHeight=580&amp;odnWidth=580&amp;odnBg=FFFFFF 2x" width=""/></div><div class="z-2 absolute bottom--1"><div class="dib relative"><button aria-label="Add to cart - 15 oz Utz Potato Stix Canister" class="w_6 w_8 w_AD pointer bn bg-blue hover-bg-dark-blue white sans-serif b w-auto ph2 flex items-center justify-center shadow-1" type="button"><i class="ld ld-Plus" style="font-size: 1.5rem; vertical-align: -0.25em;" title="add to cart"></i><span class="mr2">Add</span></button></div></div></div><div class="mt5 mb1" data-testid="variant-1S6OCPOQCEI6" style="height: 24px;"><div class="flex items-center lh-title h2-l normal"><span class="gray f7">Sponsored</span></div></div></div><div class=""><div class="flex flex-wrap justify-start items-center lh-title mb2 mb1-m"><div aria-hidden="true" class="b black f5 mr1 mr2-xl lh-copy f4-l">$4.28</div><span class="w_AM">current price $4.28</span><div class="f7 f6-l gray mr1">28.5 ¢/oz</div></div><span class="w_AJ" style="-webkit-line-clamp: 3; padding-bottom: 0em; margin-bottom: 0em;"><span class="f6 f5-l normal dark-gray mb0 mt1 lh-title">15 oz Utz Potato Stix Canister</span></span><div class="mt2 flex items-center"><span class="black inline-flex mr1"><i aria-hidden="true" class="ld ld-StarFill" style="font-size: 12px; vertical-align: -0.175em;"></i><i aria-hidden="true" class="ld ld-StarFill" style="font-size: 12px; vertical-align: -0.175em;"></i><i aria-hidden="true" class="ld ld-StarFill" style="font-size: 12px; vertical-align: -0.175em;"></i><i aria-hidden="true" class="ld ld-StarFill" style="font-size: 12px; vertical-align: -0.175em;"></i><i aria-hidden="true" class="ld ld-StarHalf" style="font-size: 12px; vertical-align: -0.175em;"></i></span><span aria-hidden="true" class="sans-serif gray f7">1044</span><span class="w_AM">4.7 out of 5 Stars. 1044 reviews</span></div><div class="mv2 flex items-center"><div class="f7 mr1 blue b lh-copy">Save with</div><img alt="Walmart Plus" class="pr2 flex" height="20" loading="lazy" src="//i5.walmartimages.com/dfw/63fd9f59-ac39/29c6759d-7f14-49fa-bd3a-b870eb4fb8fb/v1/wplus-icon-blue.svg" width="20"/></div><div class="mt2 mb2"><span class="w_EN w_ET w_EX mr1 mt1 ph1">Pickup</span><span class="w_EN w_ET w_EX mr1 mt1 ph1">Delivery</span><span class="w_EN w_ET w_EX mr1 mt1 ph1">1-day shipping</span></div></div></div></div></div></div><div class="mb1 ph1 pa0-xl bb b--near-white w-25"><div class="h-100 pb1-xl pr4-xl pv1 ph1"><div class="sans-serif mid-gray relative flex flex-column w-100" data-item-id="33CYX1R8KNTK"><a class="absolute w-100 h-100 z-1" href="/ip/Quaker-Rice-Cakes-Whole-Grain-Chocolate-7-23-Oz/13448658?athbdg=L1600" link-identifier="13448658"><span class="w_AM">Quaker Rice Cakes, Whole Grain Chocolate, 7.23 Oz. </span></a><div class="" data-testid="list-view"><div class=""><div class="h2 relative mb2"><span class="w_EN w_ET w_EW absolute">Best seller</span></div><div class="relative"><div class="relative overflow-hidden" style="max-width: 290px; height: 0px; padding-bottom: min(290px, 100%); align-self: center; width: min(290px, 100%);"><img alt="" class="absolute top-0 left-0" data-testid="productTileImage" height="" loading="lazy" src="https://i5.walmartimages.com/asr/6600400c-bb4d-4cfb-b792-ce32faaeaec2_2.e450f0a19cf71d6a4a5edf8b4489584e.jpeg?odnHeight=580&amp;odnWidth=580&amp;odnBg=FFFFFF" srcset="https://i5.walmartimages.com/asr/6600400c-bb4d-4cfb-b792-ce32faaeaec2_2.e450f0a19cf71d6a4a5edf8b4489584e.jpeg?odnHeight=290&amp;odnWidth=290&amp;odnBg=FFFFFF 1x, https://i5.walmartimages.com/asr/6600400c-bb4d-4cfb-b792-ce32faaeaec2_2.e450f0a19cf71d6a4a5edf8b4489584e.jpeg?odnHeight=580&amp;odnWidth=580&amp;odnBg=FFFFFF 2x" width=""/></div><div class="z-2 absolute bottom--1"><div class="dib relative"><button aria-label="Add to cart - Quaker Rice Cakes, Whole Grain Chocolate, 7.23 Oz." class="w_6 w_8 w_AD pointer bn bg-blue hover-bg-dark-blue white sans-serif b w-auto ph2 flex items-center justify-center shadow-1" type="button"><i class="ld ld-Plus" style="font-size: 1.5rem; vertical-align: -0.25em;" title="add to cart"></i><span class="mr2">Add</span></button></div></div></div><div class="mt5 mb1" data-testid="variant-33CYX1R8KNTK" style="height: 24px;"></div></div><div class=""><div class="flex flex-wrap justify-start items-center lh-title mb2 mb1-m"><div aria-hidden="true" class="b black f5 mr1 mr2-xl lh-copy f4-l">$3.00</div><span class="w_AM">current price $3.00</span><div class="f7 f6-l gray mr1">41.5 ¢/oz</div></div><span class="w_AJ" style="-webkit-line-clamp: 3; padding-bottom: 0em; margin-bottom: 0em;"><span class="f6 f5-l normal dark-gray mb0 mt1 lh-title">Quaker Rice Cakes, Whole Grain Chocolate, 7.23 Oz.</span></span><div class="mt2 flex items-center"><span class="black inline-flex mr1"><i aria-hidden="true" class="ld ld-StarFill" style="font-size: 12px; vertical-align: -0.175em;"></i><i aria-hidden="true" class="ld ld-StarFill" style="font-size: 12px; vertical-align: -0.175em;"></i><i aria-hidden="true" class="ld ld-StarFill" style="font-size: 12px; vertical-align: -0.175em;"></i><i aria-hidden="true" class="ld ld-StarFill" style="font-size: 12px; vertical-align: -0.175em;"></i><i aria-hidden="true" class="ld ld-StarHalf" style="font-size: 12px; vertical-align: -0.175em;"></i></span><span aria-hidden="true" class="sans-serif gray f7">658</span><span class="w_AM">4.6 out of 5 Stars. 658 reviews</span></div><div class="mv2 flex items-center"><div class="f7 mr1 blue b lh-copy">Save with</div><img alt="Walmart Plus" class="pr2 flex" height="20" loading="lazy" src="//i5.walmartimages.com/dfw/63fd9f59-ac39/29c6759d-7f14-49fa-bd3a-b870eb4fb8fb/v1/wplus-icon-blue.svg" width="20"/></div><div class="mt2 mb2"><span class="w_EN w_ET w_EX mr1 mt1 ph1">Pickup</span><span class="w_EN w_ET w_EX mr1 mt1 ph1">Delivery</span><span class="w_EN w_ET w_EX mr1 mt1 ph1">1-day shipping</span></div></div></div></div></div></div><div class="mb1 ph1 pa0-xl bb b--near-white w-25"><div class="h-100 pb1-xl pr4-xl pv1 ph1"><div class="sans-serif mid-gray relative flex flex-column w-100" data-item-id="4GYCITJ6AUPD"><a class="absolute w-100 h-100 z-1" href="/ip/Pringles-Potato-Crisps-Chips-Lunch-Snacks-On-The-Go-Snacks-Cheddar-Cheese-5-5-Oz-Can/246212997?athbdg=L1600" link-identifier="246212997"><span class="w_AM">Pringles Potato Crisps Chips, Lunch Snacks, On The Go Snacks, Cheddar Cheese, 5.5 Oz, Can </span></a><div class="" data-testid="list-view"><div class=""><div class="h2 relative mb2"><span class="w_EN w_ET w_EW absolute">Best seller</span></div><div class="relative"><div class="relative overflow-hidden" style="max-width: 290px; height: 0px; padding-bottom: min(290px, 100%); align-self: center; width: min(290px, 100%);"><img alt="" class="absolute top-0 left-0" data-testid="productTileImage" height="" loading="lazy" src="https://i5.walmartimages.com/asr/80d667a6-62a9-4f00-a18e-bc55f85f3a12.ded73a4ce19550c129496b1b1f321807.jpeg?odnHeight=580&amp;odnWidth=580&amp;odnBg=FFFFFF" srcset="https://i5.walmartimages.com/asr/80d667a6-62a9-4f00-a18e-bc55f85f3a12.ded73a4ce19550c129496b1b1f321807.jpeg?odnHeight=290&amp;odnWidth=290&amp;odnBg=FFFFFF 1x, https://i5.walmartimages.com/asr/80d667a6-62a9-4f00-a18e-bc55f85f3a12.ded73a4ce19550c129496b1b1f321807.jpeg?odnHeight=580&amp;odnWidth=580&amp;odnBg=FFFFFF 2x" width=""/></div><div class="z-2 absolute bottom--1"><div class="dib relative"><button aria-label="Add to cart - Pringles Potato Crisps Chips, Lunch Snacks, On The Go Snacks, Cheddar Cheese, 5.5 Oz, Can" class="w_6 w_8 w_AD pointer bn bg-blue hover-bg-dark-blue white sans-serif b w-auto ph2 flex items-center justify-center shadow-1" type="button"><i class="ld ld-Plus" style="font-size: 1.5rem; vertical-align: -0.25em;" title="add to cart"></i><span class="mr2">Add</span></button></div></div></div><div class="mt5 mb1" data-testid="variant-4GYCITJ6AUPD" style="height: 24px;"></div></div><div class=""><div class="flex flex-wrap justify-start items-center lh-title mb2 mb1-m"><div aria-hidden="true" class="b black f5 mr1 mr2-xl lh-copy f4-l">$1.78</div><span class="w_AM">current price $1.78</span><div aria-hidden="true" class="f7 f6-l strike gray mr3">$5.28</div><span class="w_AM">was $5.28</span><div class="f7 f6-l gray mr1">32.4 ¢/oz</div></div><span class="w_AJ" style="-webkit-line-clamp: 3; padding-bottom: 0em; margin-bottom: 0em;"><span class="f6 f5-l normal dark-gray mb0 mt1 lh-title">Pringles Potato Crisps Chips, Lunch Snacks, On The Go Snacks, Cheddar Cheese, 5.5 Oz, Can</span></span><div class="mt2 flex items-center"><span class="black inline-flex mr1"><i aria-hidden="true" class="ld ld-StarFill" style="font-size: 12px; vertical-align: -0.175em;"></i><i aria-hidden="true" class="ld ld-StarFill" style="font-size: 12px; vertical-align: -0.175em;"></i><i aria-hidden="true" class="ld ld-StarFill" style="font-size: 12px; vertical-align: -0.175em;"></i><i aria-hidden="true" class="ld ld-StarFill" style="font-size: 12px; vertical-align: -0.175em;"></i><i aria-hidden="true" class="ld ld-StarHalf" style="font-size: 12px; vertical-align: -0.175em;"></i></span><span aria-hidden="true" class="sans-serif gray f7">301</span><span class="w_AM">4.5 out of 5 Stars. 301 reviews</span></div><div class="mv2 flex items-center"><div class="f7 mr1 blue b lh-copy">Save with</div><img alt="Walmart Plus" class="pr2 flex" height="20" loading="lazy" src="//i5.walmartimages.com/dfw/63fd9f59-ac39/29c6759d-7f14-49fa-bd3a-b870eb4fb8fb/v1/wplus-icon-blue.svg" width="20"/></div><div class="mt2 mb2"><span class="w_EN w_ET w_EX mr1 mt1 ph1">Pickup</span><span class="w_EN w_ET w_EX mr1 mt1 ph1">Delivery</span><span class="w_EN w_ET w_EX mr1 mt1 ph1">3+ day shipping</span></div></div></div></div></div></div><div class="mb1 ph1 pa0-xl bb b--near-white w-25"><div class="h-100 pb1-xl pr4-xl pv1 ph1"><div class="sans-serif mid-gray relative flex flex-column w-100" data-item-id="18BXNZKKHK37"><a class="absolute w-100 h-100 z-1" href="/ip/Takis-Fuego-Rolled-Tortilla-Chips-Hot-Chili-Pepper-and-Lime-Artificially-Flavored-9-9-Ounce-Bag/37846296" link-identifier="37846296"><span class="w_AM">Takis Fuego Rolled Tortilla Chips, Hot Chili Pepper and Lime Artificially Flavored, 9.9 Ounce Bag </span></a><div class="" data-testid="list-view"><div class=""><div class="h2 relative mb2"></div><div class="relative"><div class="relative overflow-hidden" style="max-width: 290px; height: 0px; padding-bottom: min(290px, 100%); align-self: center; width: min(290px, 100%);"><img alt="" class="absolute top-0 left-0" data-testid="productTileImage" height="" loading="lazy" src="https://i5.walmartimages.com/asr/884e49f7-7b12-4dbb-9a0d-d5c5bc8bc6ce.1caf4010566a90f12d731913247b8fb0.jpeg?odnHeight=580&amp;odnWidth=580&amp;odnBg=FFFFFF" srcset="https://i5.walmartimages.com/asr/884e49f7-7b12-4dbb-9a0d-d5c5bc8bc6ce.1caf4010566a90f12d731913247b8fb0.jpeg?odnHeight=290&amp;odnWidth=290&amp;odnBg=FFFFFF 1x, https://i5.walmartimages.com/asr/884e49f7-7b12-4dbb-9a0d-d5c5bc8bc6ce.1caf4010566a90f12d731913247b8fb0.jpeg?odnHeight=580&amp;odnWidth=580&amp;odnBg=FFFFFF 2x" width=""/></div><div class="z-2 absolute bottom--1"><div class="dib relative"><button aria-label="Add to cart - Takis Fuego Rolled Tortilla Chips, Hot Chili Pepper and Lime Artificially Flavored, 9.9 Ounce Bag" class="w_6 w_8 w_AD pointer bn bg-blue hover-bg-dark-blue white sans-serif b w-auto ph2 flex items-center justify-center shadow-1" type="button"><i class="ld ld-Plus" style="font-size: 1.5rem; vertical-align: -0.25em;" title="add to cart"></i><span class="mr2">Add</span></button></div></div></div><div class="mt5 mb1" data-testid="variant-18BXNZKKHK37" style="height: 24px;"></div></div><div class=""><div class="flex flex-wrap justify-start items-center lh-title mb2 mb1-m"><div aria-hidden="true" class="b black f5 mr1 mr2-xl lh-copy f4-l">$2.88</div><span class="w_AM">current price $2.88</span><div class="f7 f6-l gray mr1">29.1 ¢/oz</div></div><span class="w_AJ" style="-webkit-line-clamp: 3; padding-bottom: 0em; margin-bottom: 0em;"><span class="f6 f5-l normal dark-gray mb0 mt1 lh-title">Takis Fuego Rolled Tortilla Chips, Hot Chili Pepper and Lime Artificially Flavored, 9.9 Ounce Bag</span></span><div class="mt2 flex items-center"><span class="black inline-flex mr1"><i aria-hidden="true" class="ld ld-StarFill" style="font-size: 12px; vertical-align: -0.175em;"></i><i aria-hidden="true" class="ld ld-StarFill" style="font-size: 12px; vertical-align: -0.175em;"></i><i aria-hidden="true" class="ld ld-StarFill" style="font-size: 12px; vertical-align: -0.175em;"></i><i aria-hidden="true" class="ld ld-StarFill" style="font-size: 12px; vertical-align: -0.175em;"></i><i aria-hidden="true" class="ld ld-StarHalf" style="font-size: 12px; vertical-align: -0.175em;"></i></span><span aria-hidden="true" class="sans-serif gray f7">554</span><span class="w_AM">4.5 out of 5 Stars. 554 reviews</span></div><div class="mv2 flex items-center"><div class="f7 mr1 blue b lh-copy">Save with</div><img alt="Walmart Plus" class="pr2 flex" height="20" loading="lazy" src="//i5.walmartimages.com/dfw/63fd9f59-ac39/29c6759d-7f14-49fa-bd3a-b870eb4fb8fb/v1/wplus-icon-blue.svg" width="20"/></div><div class="mt2 mb2"><span class="w_EN w_ET w_EX mr1 mt1 ph1">Pickup</span><span class="w_EN w_ET w_EX mr1 mt1 ph1">Delivery</span><span class="w_EN w_ET w_EX mr1 mt1 ph1">1-day shipping</span></div></div></div></div></div></div><div class="mb1 ph1 pa0-xl bb b--near-white w-25"><div class="h-100 pb1-xl pr4-xl pv1 ph1"><div class="sans-serif mid-gray relative flex flex-column w-100" data-item-id="5N6H02FP6P9G"><a class="absolute w-100 h-100 z-1" href="/ip/Lay-s-Potato-Chips-Barbecue-Flavored-12-5-oz/198082763" link-identifier="198082763"><span class="w_AM">Lay's Potato Chips, Barbecue Flavored, 12.5 oz </span></a><div class="" data-testid="list-view"><div class=""><div class="h2 relative mb2"></div><div class="relative"><div class="relative overflow-hidden" style="max-width: 290px; height: 0px; padding-bottom: min(290px, 100%); align-self: center; width: min(290px, 100%);"><img alt="" class="absolute top-0 left-0" data-testid="productTileImage" height="" loading="lazy" src="https://i5.walmartimages.com/asr/b961098e-51cb-4966-beb7-d79dc059d1e4.f124b2113fe193f62eb0e62a85349b33.jpeg?odnHeight=580&amp;odnWidth=580&amp;odnBg=FFFFFF" srcset="https://i5.walmartimages.com/asr/b961098e-51cb-4966-beb7-d79dc059d1e4.f124b2113fe193f62eb0e62a85349b33.jpeg?odnHeight=290&amp;odnWidth=290&amp;odnBg=FFFFFF 1x, https://i5.walmartimages.com/asr/b961098e-51cb-4966-beb7-d79dc059d1e4.f124b2113fe193f62eb0e62a85349b33.jpeg?odnHeight=580&amp;odnWidth=580&amp;odnBg=FFFFFF 2x" width=""/></div><div class="z-2 absolute bottom--1"><div class="dib relative"><button aria-label="Add to cart - Lay's Potato Chips, Barbecue Flavored, 12.5 oz" class="w_6 w_8 w_AD pointer bn bg-blue hover-bg-dark-blue white sans-serif b w-auto ph2 flex items-center justify-center shadow-1" type="button"><i class="ld ld-Plus" style="font-size: 1.5rem; vertical-align: -0.25em;" title="add to cart"></i><span class="mr2">Add</span></button></div></div></div><div class="mt5 mb1" data-testid="variant-5N6H02FP6P9G" style="height: 24px;"></div></div><div class=""><div class="flex flex-wrap justify-start items-center lh-title mb2 mb1-m"><div aria-hidden="true" class="b black f5 mr1 mr2-xl lh-copy f4-l">$4.48</div><span class="w_AM">current price $4.48</span><div class="f7 f6-l gray mr1">35.8 ¢/oz</div></div><span class="w_AJ" style="-webkit-line-clamp: 3; padding-bottom: 0em; margin-bottom: 0em;"><span class="f6 f5-l normal dark-gray mb0 mt1 lh-title">Lay's Potato Chips, Barbecue Flavored, 12.5 oz</span></span><div class="mt2 flex items-center"><span class="black inline-flex mr1"><i aria-hidden="true" class="ld ld-StarFill" style="font-size: 12px; vertical-align: -0.175em;"></i><i aria-hidden="true" class="ld ld-StarFill" style="font-size: 12px; vertical-align: -0.175em;"></i><i aria-hidden="true" class="ld ld-StarFill" style="font-size: 12px; vertical-align: -0.175em;"></i><i aria-hidden="true" class="ld ld-StarFill" style="font-size: 12px; vertical-align: -0.175em;"></i><i aria-hidden="true" class="ld ld-StarHalf" style="font-size: 12px; vertical-align: -0.175em;"></i></span><span aria-hidden="true" class="sans-serif gray f7">653</span><span class="w_AM">4.3 out of 5 Stars. 653 reviews</span></div><div class="mv2 flex items-center"><div class="f7 mr1 blue b lh-copy">Save with</div><img alt="Walmart Plus" class="pr2 flex" height="20" loading="lazy" src="//i5.walmartimages.com/dfw/63fd9f59-ac39/29c6759d-7f14-49fa-bd3a-b870eb4fb8fb/v1/wplus-icon-blue.svg" width="20"/></div><div class="mt2 mb2"><span class="w_EN w_ET w_EX mr1 mt1 ph1">Pickup</span><span class="w_EN w_ET w_EX mr1 mt1 ph1">Delivery</span><span class="w_EN w_ET w_EX mr1 mt1 ph1">1-day shipping</span></div></div></div></div></div></div><div class="mb1 ph1 pa0-xl bb b--near-white w-25"><div class="h-100 pb1-xl pr4-xl pv1 ph1"><div class="sans-serif mid-gray relative flex flex-column w-100" data-item-id="5KC70VJM485J"><a class="absolute w-100 h-100 z-1" href="/ip/Cheetos-Crunchy-Cheese-Flavored-Snacks-8-5-oz-Bag/49909687" link-identifier="49909687"><span class="w_AM">Cheetos Crunchy Cheese Flavored Snacks, 8.5 oz Bag </span></a><div class="" data-testid="list-view"><div class=""><div class="h2 relative mb2"></div><div class="relative"><div class="relative overflow-hidden" style="max-width: 290px; height: 0px; padding-bottom: min(290px, 100%); align-self: center; width: min(290px, 100%);"><img alt="" class="absolute top-0 left-0" data-testid="productTileImage" height="" loading="lazy" src="https://i5.walmartimages.com/asr/101b1d40-8488-4b4b-a8a9-d4ab26a47266.27702690e0957fd69c8195e51b5eb485.jpeg?odnHeight=580&amp;odnWidth=580&amp;odnBg=FFFFFF" srcset="https://i5.walmartimages.com/asr/101b1d40-8488-4b4b-a8a9-d4ab26a47266.27702690e0957fd69c8195e51b5eb485.jpeg?odnHeight=290&amp;odnWidth=290&amp;odnBg=FFFFFF 1x, https://i5.walmartimages.com/asr/101b1d40-8488-4b4b-a8a9-d4ab26a47266.27702690e0957fd69c8195e51b5eb485.jpeg?odnHeight=580&amp;odnWidth=580&amp;odnBg=FFFFFF 2x" width=""/></div><div class="z-2 absolute bottom--1"><div class="dib relative"><button aria-label="Add to cart - Cheetos Crunchy Cheese Flavored Snacks, 8.5 oz Bag" class="w_6 w_8 w_AD pointer bn bg-blue hover-bg-dark-blue white sans-serif b w-auto ph2 flex items-center justify-center shadow-1" type="button"><i class="ld ld-Plus" style="font-size: 1.5rem; vertical-align: -0.25em;" title="add to cart"></i><span class="mr2">Add</span></button></div></div></div><div class="mt5 mb1" data-testid="variant-5KC70VJM485J" style="height: 24px;"></div></div><div class=""><div class="flex flex-wrap justify-start items-center lh-title mb2 mb1-m"><div aria-hidden="true" class="b black f5 mr1 mr2-xl lh-copy f4-l">$3.48</div><span class="w_AM">current price $3.48</span><div class="f7 f6-l gray mr1">40.9 ¢/oz</div></div><span class="w_AJ" style="-webkit-line-clamp: 3; padding-bottom: 0em; margin-bottom: 0em;"><span class="f6 f5-l normal dark-gray mb0 mt1 lh-title">Cheetos Crunchy Cheese Flavored Snacks, 8.5 oz Bag</span></span><div class="mt2 flex items-center"><span class="black inline-flex mr1"><i aria-hidden="true" class="ld ld-StarFill" style="font-size: 12px; vertical-align: -0.175em;"></i><i aria-hidden="true" class="ld ld-StarFill" style="font-size: 12px; vertical-align: -0.175em;"></i><i aria-hidden="true" class="ld ld-StarFill" style="font-size: 12px; vertical-align: -0.175em;"></i><i aria-hidden="true" class="ld ld-StarFill" style="font-size: 12px; vertical-align: -0.175em;"></i><i aria-hidden="true" class="ld ld-StarHalf" style="font-size: 12px; vertical-align: -0.175em;"></i></span><span aria-hidden="true" class="sans-serif gray f7">848</span><span class="w_AM">4.7 out of 5 Stars. 848 reviews</span></div><div class="mv2 flex items-center"><div class="f7 mr1 blue b lh-copy">Save with</div><img alt="Walmart Plus" class="pr2 flex" height="20" loading="lazy" src="//i5.walmartimages.com/dfw/63fd9f59-ac39/29c6759d-7f14-49fa-bd3a-b870eb4fb8fb/v1/wplus-icon-blue.svg" width="20"/></div><div class="mt2 mb2"><span class="w_EN w_ET w_EX mr1 mt1 ph1">Pickup</span><span class="w_EN w_ET w_EX mr1 mt1 ph1">Delivery</span><span class="w_EN w_ET w_EX mr1 mt1 ph1">1-day shipping</span></div></div></div></div></div></div><div class="mb1 ph1 pa0-xl bb b--near-white w-25"><div class="h-100 pb1-xl pr4-xl pv1 ph1"><div class="sans-serif mid-gray relative flex flex-column w-100" data-item-id="2V6CDMB5M550"><a class="absolute w-100 h-100 z-1" href="/ip/Lay-s-Potato-Chips-Salt-Vinegar-Flavor-7-75-oz-Bag/33282309" link-identifier="33282309"><span class="w_AM">Lay's Potato Chips, Salt &amp; Vinegar Flavor, 7.75 oz Bag </span></a><div class="" data-testid="list-view"><div class=""><div class="h2 relative mb2"></div><div class="relative"><div class="relative overflow-hidden" style="max-width: 290px; height: 0px; padding-bottom: min(290px, 100%); align-self: center; width: min(290px, 100%);"><img alt="" class="absolute top-0 left-0" data-testid="productTileImage" height="" loading="lazy" src="https://i5.walmartimages.com/asr/8fdd1f96-6abc-4b59-a421-78af89423d4b.30f4bc39c917d67427078093dbbc445f.jpeg?odnHeight=580&amp;odnWidth=580&amp;odnBg=FFFFFF" srcset="https://i5.walmartimages.com/asr/8fdd1f96-6abc-4b59-a421-78af89423d4b.30f4bc39c917d67427078093dbbc445f.jpeg?odnHeight=290&amp;odnWidth=290&amp;odnBg=FFFFFF 1x, https://i5.walmartimages.com/asr/8fdd1f96-6abc-4b59-a421-78af89423d4b.30f4bc39c917d67427078093dbbc445f.jpeg?odnHeight=580&amp;odnWidth=580&amp;odnBg=FFFFFF 2x" width=""/></div><div class="z-2 absolute bottom--1"><div class="dib relative"><button aria-label="Add to cart - Lay's Potato Chips, Salt &amp; Vinegar Flavor, 7.75 oz Bag" class="w_6 w_8 w_AD pointer bn bg-blue hover-bg-dark-blue white sans-serif b w-auto ph2 flex items-center justify-center shadow-1" type="button"><i class="ld ld-Plus" style="font-size: 1.5rem; vertical-align: -0.25em;" title="add to cart"></i><span class="mr2">Add</span></button></div></div></div><div class="mt5 mb1" data-testid="variant-2V6CDMB5M550" style="height: 24px;"></div></div><div class=""><div class="flex flex-wrap justify-start items-center lh-title mb2 mb1-m"><div aria-hidden="true" class="b black f5 mr1 mr2-xl lh-copy f4-l">$2.98</div><span class="w_AM">current price $2.98</span><div class="f7 f6-l gray mr1">38.5 ¢/oz</div></div><span class="w_AJ" style="-webkit-line-clamp: 3; padding-bottom: 0em; margin-bottom: 0em;"><span class="f6 f5-l normal dark-gray mb0 mt1 lh-title">Lay's Potato Chips, Salt &amp; Vinegar Flavor, 7.75 oz Bag</span></span><div class="mt2 flex items-center"><span class="black inline-flex mr1"><i aria-hidden="true" class="ld ld-StarFill" style="font-size: 12px; vertical-align: -0.175em;"></i><i aria-hidden="true" class="ld ld-StarFill" style="font-size: 12px; vertical-align: -0.175em;"></i><i aria-hidden="true" class="ld ld-StarFill" style="font-size: 12px; vertical-align: -0.175em;"></i><i aria-hidden="true" class="ld ld-StarFill" style="font-size: 12px; vertical-align: -0.175em;"></i><i aria-hidden="true" class="ld ld-StarHalf" style="font-size: 12px; vertical-align: -0.175em;"></i></span><span aria-hidden="true" class="sans-serif gray f7">294</span><span class="w_AM">4.6 out of 5 Stars. 294 reviews</span></div><div class="mv2 flex items-center"><div class="f7 mr1 blue b lh-copy">Save with</div><img alt="Walmart Plus" class="pr2 flex" height="20" loading="lazy" src="//i5.walmartimages.com/dfw/63fd9f59-ac39/29c6759d-7f14-49fa-bd3a-b870eb4fb8fb/v1/wplus-icon-blue.svg" width="20"/></div><div class="mt2 mb2"><span class="w_EN w_ET w_EX mr1 mt1 ph1">Pickup</span><span class="w_EN w_ET w_EX mr1 mt1 ph1">Delivery</span></div></div></div></div></div></div><div class="mb1 ph1 pa0-xl bb b--near-white w-25"><div class="h-100 pb1-xl pr4-xl pv1 ph1"><div class="sans-serif mid-gray relative flex flex-column w-100" data-item-id="6SOLDTUSEL4X"><a class="absolute w-100 h-100 z-1" href="/ip/Frito-Lay-Classic-Mix-Chips-Variety-Pack-38-75-oz-42-Count/454082909" link-identifier="454082909"><span class="w_AM">Frito Lay Classic Mix Chips Variety Pack, 38.75 oz, 42 Count </span></a><div class="" data-testid="list-view"><div class=""><div class="h2 relative mb2"></div><div class="relative"><div class="relative overflow-hidden" style="max-width: 290px; height: 0px; padding-bottom: min(290px, 100%); align-self: center; width: min(290px, 100%);"><img alt="" class="absolute top-0 left-0" data-testid="productTileImage" height="" loading="lazy" src="https://i5.walmartimages.com/asr/1f63ae56-8db2-48c7-9ebf-2510a4c6875d.3cf419a7e3982ce81a5edb72e5f78815.jpeg?odnHeight=580&amp;odnWidth=580&amp;odnBg=FFFFFF" srcset="https://i5.walmartimages.com/asr/1f63ae56-8db2-48c7-9ebf-2510a4c6875d.3cf419a7e3982ce81a5edb72e5f78815.jpeg?odnHeight=290&amp;odnWidth=290&amp;odnBg=FFFFFF 1x, https://i5.walmartimages.com/asr/1f63ae56-8db2-48c7-9ebf-2510a4c6875d.3cf419a7e3982ce81a5edb72e5f78815.jpeg?odnHeight=580&amp;odnWidth=580&amp;odnBg=FFFFFF 2x" width=""/></div><div class="z-2 absolute bottom--1"><div class="dib relative"><button aria-label="Add to cart - Frito Lay Classic Mix Chips Variety Pack, 38.75 oz, 42 Count" class="w_6 w_8 w_AD pointer bn bg-blue hover-bg-dark-blue white sans-serif b w-auto ph2 flex items-center justify-center shadow-1" type="button"><i class="ld ld-Plus" style="font-size: 1.5rem; vertical-align: -0.25em;" title="add to cart"></i><span class="mr2">Add</span></button></div></div></div><div class="mt5 mb1" data-testid="variant-6SOLDTUSEL4X" style="height: 24px;"></div></div><div class=""><div class="flex flex-wrap justify-start items-center lh-title mb2 mb1-m"><div aria-hidden="true" class="b black f5 mr1 mr2-xl lh-copy f4-l">$29.97</div><span class="w_AM">current price $29.97</span></div><span class="w_AJ" style="-webkit-line-clamp: 3; padding-bottom: 0em; margin-bottom: 0em;"><span class="f6 f5-l normal dark-gray mb0 mt1 lh-title">Frito Lay Classic Mix Chips Variety Pack, 38.75 oz, 42 Count</span></span><div class="mt2 flex items-center"><span class="black inline-flex mr1"><i aria-hidden="true" class="ld ld-StarFill" style="font-size: 12px; vertical-align: -0.175em;"></i><i aria-hidden="true" class="ld ld-StarFill" style="font-size: 12px; vertical-align: -0.175em;"></i><i aria-hidden="true" class="ld ld-StarFill" style="font-size: 12px; vertical-align: -0.175em;"></i><i aria-hidden="true" class="ld ld-StarFill" style="font-size: 12px; vertical-align: -0.175em;"></i><i aria-hidden="true" class="ld ld-StarHalf" style="font-size: 12px; vertical-align: -0.175em;"></i></span><span aria-hidden="true" class="sans-serif gray f7">202</span><span class="w_AM">4.4 out of 5 Stars. 202 reviews</span></div><div class="mt2 mb2"><span class="w_EN w_ET w_EX mr1 mt1 ph1">3+ day shipping</span></div></div></div></div></div></div><div class="mb1 ph1 pa0-xl bb b--near-white w-25"><div class="h-100 pb1-xl pr4-xl pv1 ph1"><div class="sans-serif mid-gray relative flex flex-column w-100" data-item-id="2Y575W9THRWN"><a class="absolute w-100 h-100 z-1" href="/ip/Great-Value-Bite-Size-Tortilla-Chips-13-oz/12329756" link-identifier="12329756"><span class="w_AM">Great Value Bite Size Tortilla Chips, 13 oz </span></a><div class="" data-testid="list-view"><div class=""><div class="h2 relative mb2"></div><div class="relative"><div class="relative overflow-hidden" style="max-width: 290px; height: 0px; padding-bottom: min(290px, 100%); align-self: center; width: min(290px, 100%);"><img alt="" class="absolute top-0 left-0" data-testid="productTileImage" height="" loading="lazy" src="https://i5.walmartimages.com/asr/fe4bae82-b7c8-472f-9cdb-2411c01f1089_1.46dbda6e85f90e2171b39683753efba5.jpeg?odnHeight=580&amp;odnWidth=580&amp;odnBg=FFFFFF" srcset="https://i5.walmartimages.com/asr/fe4bae82-b7c8-472f-9cdb-2411c01f1089_1.46dbda6e85f90e2171b39683753efba5.jpeg?odnHeight=290&amp;odnWidth=290&amp;odnBg=FFFFFF 1x, https://i5.walmartimages.com/asr/fe4bae82-b7c8-472f-9cdb-2411c01f1089_1.46dbda6e85f90e2171b39683753efba5.jpeg?odnHeight=580&amp;odnWidth=580&amp;odnBg=FFFFFF 2x" width=""/></div><div class="z-2 absolute bottom--1"><div class="dib relative"><button aria-label="Add to cart - Great Value Bite Size Tortilla Chips, 13 oz" class="w_6 w_8 w_AD pointer bn bg-blue hover-bg-dark-blue white sans-serif b w-auto ph2 flex items-center justify-center shadow-1" type="button"><i class="ld ld-Plus" style="font-size: 1.5rem; vertical-align: -0.25em;" title="add to cart"></i><span class="mr2">Add</span></button></div></div></div><div class="mt5 mb1" data-testid="variant-2Y575W9THRWN" style="height: 24px;"></div></div><div class=""><div class="flex flex-wrap justify-start items-center lh-title mb2 mb1-m"><div aria-hidden="true" class="b black f5 mr1 mr2-xl lh-copy f4-l">$1.74</div><span class="w_AM">current price $1.74</span><div class="f7 f6-l gray mr1">13.4 ¢/oz</div></div><span class="w_AJ" style="-webkit-line-clamp: 3; padding-bottom: 0em; margin-bottom: 0em;"><span class="f6 f5-l normal dark-gray mb0 mt1 lh-title">Great Value Bite Size Tortilla Chips, 13 oz</span></span><div class="mt2 flex items-center"><span class="black inline-flex mr1"><i aria-hidden="true" class="ld ld-StarFill" style="font-size: 12px; vertical-align: -0.175em;"></i><i aria-hidden="true" class="ld ld-StarFill" style="font-size: 12px; vertical-align: -0.175em;"></i><i aria-hidden="true" class="ld ld-StarFill" style="font-size: 12px; vertical-align: -0.175em;"></i><i aria-hidden="true" class="ld ld-StarFill" style="font-size: 12px; vertical-align: -0.175em;"></i><i aria-hidden="true" class="ld ld-StarHalf" style="font-size: 12px; vertical-align: -0.175em;"></i></span><span aria-hidden="true" class="sans-serif gray f7">308</span><span class="w_AM">4.5 out of 5 Stars. 308 reviews</span></div><div class="mv2 flex items-center"><div class="f7 mr1 blue b lh-copy">Save with</div><img alt="Walmart Plus" class="pr2 flex" height="20" loading="lazy" src="//i5.walmartimages.com/dfw/63fd9f59-ac39/29c6759d-7f14-49fa-bd3a-b870eb4fb8fb/v1/wplus-icon-blue.svg" width="20"/></div><div class="mt2 mb2"><span class="w_EN w_ET w_EX mr1 mt1 ph1">Pickup</span><span class="w_EN w_ET w_EX mr1 mt1 ph1">Delivery</span><span class="w_EN w_ET w_EX mr1 mt1 ph1">1-day shipping</span></div></div></div></div></div></div><div class="mb1 ph1 pa0-xl bb b--near-white w-25"><div class="h-100 pb1-xl pr4-xl pv1 ph1"><div class="sans-serif mid-gray relative flex flex-column w-100" data-item-id="3WJ8FF8CB3Q8"><a class="absolute w-100 h-100 z-1" href="/ip/Cheetos-Puffs-Flamin-Hot-Cheese-Flavored-Snacks-8-oz/49909697" link-identifier="49909697"><span class="w_AM">Cheetos Puffs Flamin' Hot Cheese Flavored Snacks, 8 oz </span></a><div class="" data-testid="list-view"><div class=""><div class="h2 relative mb2"></div><div class="relative"><div class="relative overflow-hidden" style="max-width: 290px; height: 0px; padding-bottom: min(290px, 100%); align-self: center; width: min(290px, 100%);"><img alt="" class="absolute top-0 left-0" data-testid="productTileImage" height="" loading="lazy" src="https://i5.walmartimages.com/asr/e2c3d26e-cf19-4ab4-8b3e-8cd4f4e36fed.ac362fd4ff4b536e4d16b2b8392d992e.jpeg?odnHeight=580&amp;odnWidth=580&amp;odnBg=FFFFFF" srcset="https://i5.walmartimages.com/asr/e2c3d26e-cf19-4ab4-8b3e-8cd4f4e36fed.ac362fd4ff4b536e4d16b2b8392d992e.jpeg?odnHeight=290&amp;odnWidth=290&amp;odnBg=FFFFFF 1x, https://i5.walmartimages.com/asr/e2c3d26e-cf19-4ab4-8b3e-8cd4f4e36fed.ac362fd4ff4b536e4d16b2b8392d992e.jpeg?odnHeight=580&amp;odnWidth=580&amp;odnBg=FFFFFF 2x" width=""/></div><div class="z-2 absolute bottom--1"><div class="dib relative"><button aria-label="Add to cart - Cheetos Puffs Flamin' Hot Cheese Flavored Snacks, 8 oz" class="w_6 w_8 w_AD pointer bn bg-blue hover-bg-dark-blue white sans-serif b w-auto ph2 flex items-center justify-center shadow-1" type="button"><i class="ld ld-Plus" style="font-size: 1.5rem; vertical-align: -0.25em;" title="add to cart"></i><span class="mr2">Add</span></button></div></div></div><div class="mt5 mb1" data-testid="variant-3WJ8FF8CB3Q8" style="height: 24px;"></div></div><div class=""><div class="flex flex-wrap justify-start items-center lh-title mb2 mb1-m"><div aria-hidden="true" class="b black f5 mr1 mr2-xl lh-copy f4-l">$3.48</div><span class="w_AM">current price $3.48</span><div class="f7 f6-l gray mr1">43.5 ¢/oz</div></div><span class="w_AJ" style="-webkit-line-clamp: 3; padding-bottom: 0em; margin-bottom: 0em;"><span class="f6 f5-l normal dark-gray mb0 mt1 lh-title">Cheetos Puffs Flamin' Hot Cheese Flavored Snacks, 8 oz</span></span><div class="mt2 flex items-center"><span class="black inline-flex mr1"><i aria-hidden="true" class="ld ld-StarFill" style="font-size: 12px; vertical-align: -0.175em;"></i><i aria-hidden="true" class="ld ld-StarFill" style="font-size: 12px; vertical-align: -0.175em;"></i><i aria-hidden="true" class="ld ld-StarFill" style="font-size: 12px; vertical-align: -0.175em;"></i><i aria-hidden="true" class="ld ld-StarFill" style="font-size: 12px; vertical-align: -0.175em;"></i><i aria-hidden="true" class="ld ld-StarHalf" style="font-size: 12px; vertical-align: -0.175em;"></i></span><span aria-hidden="true" class="sans-serif gray f7">165</span><span class="w_AM">4.5 out of 5 Stars. 165 reviews</span></div><div class="mv2 flex items-center"><div class="f7 mr1 blue b lh-copy">Save with</div><img alt="Walmart Plus" class="pr2 flex" height="20" loading="lazy" src="//i5.walmartimages.com/dfw/63fd9f59-ac39/29c6759d-7f14-49fa-bd3a-b870eb4fb8fb/v1/wplus-icon-blue.svg" width="20"/></div><div class="mt2 mb2"><span class="w_EN w_ET w_EX mr1 mt1 ph1">3+ day shipping</span></div></div></div></div></div></div><div class="mb1 ph1 pa0-xl bb b--near-white w-25"><div class="h-100 pb1-xl pr4-xl pv1 ph1"><div class="sans-serif mid-gray relative flex flex-column w-100" data-item-id="3J3VBFL26O90"><a class="absolute w-100 h-100 z-1" href="/ip/Tostitos-Flavored-Tortilla-Chips-Hint-of-Lime-11-Oz/812309368" link-identifier="812309368"><span class="w_AM">Tostitos Flavored Tortilla Chips Hint of Lime, 11 Oz </span></a><div class="" data-testid="list-view"><div class=""><div class="h2 relative mb2"></div><div class="relative"><div class="relative overflow-hidden" style="max-width: 290px; height: 0px; padding-bottom: min(290px, 100%); align-self: center; width: min(290px, 100%);"><img alt="" class="absolute top-0 left-0" data-testid="productTileImage" height="" loading="lazy" src="https://i5.walmartimages.com/asr/0e59ca77-2b64-4231-a7fb-fbfac571134b.ed7a87d9e8b888edf9bcf3341e8aedbc.jpeg?odnHeight=580&amp;odnWidth=580&amp;odnBg=FFFFFF" srcset="https://i5.walmartimages.com/asr/0e59ca77-2b64-4231-a7fb-fbfac571134b.ed7a87d9e8b888edf9bcf3341e8aedbc.jpeg?odnHeight=290&amp;odnWidth=290&amp;odnBg=FFFFFF 1x, https://i5.walmartimages.com/asr/0e59ca77-2b64-4231-a7fb-fbfac571134b.ed7a87d9e8b888edf9bcf3341e8aedbc.jpeg?odnHeight=580&amp;odnWidth=580&amp;odnBg=FFFFFF 2x" width=""/></div><div class="z-2 absolute bottom--1"><div class="dib relative"><button aria-label="Add to cart - Tostitos Flavored Tortilla Chips Hint of Lime, 11 Oz" class="w_6 w_8 w_AD pointer bn bg-blue hover-bg-dark-blue white sans-serif b w-auto ph2 flex items-center justify-center shadow-1" type="button"><i class="ld ld-Plus" style="font-size: 1.5rem; vertical-align: -0.25em;" title="add to cart"></i><span class="mr2">Add</span></button></div></div></div><div class="mt5 mb1" data-testid="variant-3J3VBFL26O90" style="height: 24px;"></div></div><div class=""><div class="flex flex-wrap justify-start items-center lh-title mb2 mb1-m"><div aria-hidden="true" class="b black f5 mr1 mr2-xl lh-copy f4-l">$3.48</div><span class="w_AM">current price $3.48</span><div class="f7 f6-l gray mr1">31.6 ¢/oz</div></div><span class="w_AJ" style="-webkit-line-clamp: 3; padding-bottom: 0em; margin-bottom: 0em;"><span class="f6 f5-l normal dark-gray mb0 mt1 lh-title">Tostitos Flavored Tortilla Chips Hint of Lime, 11 Oz</span></span><div class="mt2 flex items-center"><span class="black inline-flex mr1"><i aria-hidden="true" class="ld ld-StarFill" style="font-size: 12px; vertical-align: -0.175em;"></i><i aria-hidden="true" class="ld ld-StarFill" style="font-size: 12px; vertical-align: -0.175em;"></i><i aria-hidden="true" class="ld ld-StarFill" style="font-size: 12px; vertical-align: -0.175em;"></i><i aria-hidden="true" class="ld ld-StarFill" style="font-size: 12px; vertical-align: -0.175em;"></i><i aria-hidden="true" class="ld ld-Star" style="font-size: 12px; vertical-align: -0.175em;"></i></span><span aria-hidden="true" class="sans-serif gray f7">44</span><span class="w_AM">3.9 out of 5 Stars. 44 reviews</span></div><div class="mv2 flex items-center"><div class="f7 mr1 blue b lh-copy">Save with</div><img alt="Walmart Plus" class="pr2 flex" height="20" loading="lazy" src="//i5.walmartimages.com/dfw/63fd9f59-ac39/29c6759d-7f14-49fa-bd3a-b870eb4fb8fb/v1/wplus-icon-blue.svg" width="20"/></div><div class="mt2 mb2"><span class="w_EN w_ET w_EX mr1 mt1 ph1">Pickup</span><span class="w_EN w_ET w_EX mr1 mt1 ph1">Delivery</span><span class="w_EN w_ET w_EX mr1 mt1 ph1">1-day shipping</span></div></div></div></div></div></div><div class="mb1 ph1 pa0-xl bb b--near-white w-25"><div class="h-100 pb1-xl pr4-xl pv1 ph1"><div class="sans-serif mid-gray relative flex flex-column w-100" data-item-id="5HYFQR8F52TL"><a class="absolute w-100 h-100 z-1" href="/ip/Great-Value-Cheese-Dip-Breadsticks-Snacks-1-oz-5-Count/13281897" link-identifier="13281897"><span class="w_AM">Great Value Cheese Dip &amp; Breadsticks Snacks, 1 oz, 5 Count </span></a><div class="" data-testid="list-view"><div class=""><div class="h2 relative mb2"></div><div class="relative"><div class="relative overflow-hidden" style="max-width: 290px; height: 0px; padding-bottom: min(290px, 100%); align-self: center; width: min(290px, 100%);"><img alt="" class="absolute top-0 left-0" data-testid="productTileImage" height="" loading="lazy" src="https://i5.walmartimages.com/asr/d6407932-b82a-473e-b350-1ac92ae3bba7_1.62c103444c9d55dafe0ea8d3e52a8e81.jpeg?odnHeight=580&amp;odnWidth=580&amp;odnBg=FFFFFF" srcset="https://i5.walmartimages.com/asr/d6407932-b82a-473e-b350-1ac92ae3bba7_1.62c103444c9d55dafe0ea8d3e52a8e81.jpeg?odnHeight=290&amp;odnWidth=290&amp;odnBg=FFFFFF 1x, https://i5.walmartimages.com/asr/d6407932-b82a-473e-b350-1ac92ae3bba7_1.62c103444c9d55dafe0ea8d3e52a8e81.jpeg?odnHeight=580&amp;odnWidth=580&amp;odnBg=FFFFFF 2x" width=""/></div><div class="z-2 absolute bottom--1"><div class="dib relative"><button aria-label="Add to cart - Great Value Cheese Dip &amp; Breadsticks Snacks, 1 oz, 5 Count" class="w_6 w_8 w_AD pointer bn bg-blue hover-bg-dark-blue white sans-serif b w-auto ph2 flex items-center justify-center shadow-1" type="button"><i class="ld ld-Plus" style="font-size: 1.5rem; vertical-align: -0.25em;" title="add to cart"></i><span class="mr2">Add</span></button></div></div></div><div class="mt5 mb1" data-testid="variant-5HYFQR8F52TL" style="height: 24px;"></div></div><div class=""><div class="flex flex-wrap justify-start items-center lh-title mb2 mb1-m"><div aria-hidden="true" class="b black f5 mr1 mr2-xl lh-copy f4-l">$1.40</div><span class="w_AM">current price $1.40</span><div class="f7 f6-l gray mr1">28.0 ¢/oz</div></div><span class="w_AJ" style="-webkit-line-clamp: 3; padding-bottom: 0em; margin-bottom: 0em;"><span class="f6 f5-l normal dark-gray mb0 mt1 lh-title">Great Value Cheese Dip &amp; Breadsticks Snacks, 1 oz, 5 Count</span></span><div class="mt2 flex items-center"><span class="black inline-flex mr1"><i aria-hidden="true" class="ld ld-StarFill" style="font-size: 12px; vertical-align: -0.175em;"></i><i aria-hidden="true" class="ld ld-StarFill" style="font-size: 12px; vertical-align: -0.175em;"></i><i aria-hidden="true" class="ld ld-StarFill" style="font-size: 12px; vertical-align: -0.175em;"></i><i aria-hidden="true" class="ld ld-StarFill" style="font-size: 12px; vertical-align: -0.175em;"></i><i aria-hidden="true" class="ld ld-StarHalf" style="font-size: 12px; vertical-align: -0.175em;"></i></span><span aria-hidden="true" class="sans-serif gray f7">152</span><span class="w_AM">4.4 out of 5 Stars. 152 reviews</span></div><div class="mv2 flex items-center"><div class="f7 mr1 blue b lh-copy">Save with</div><img alt="Walmart Plus" class="pr2 flex" height="20" loading="lazy" src="//i5.walmartimages.com/dfw/63fd9f59-ac39/29c6759d-7f14-49fa-bd3a-b870eb4fb8fb/v1/wplus-icon-blue.svg" width="20"/></div><div class="mt2 mb2"><span class="w_EN w_ET w_EX mr1 mt1 ph1">Pickup</span><span class="w_EN w_ET w_EX mr1 mt1 ph1">Delivery</span><span class="w_EN w_ET w_EX mr1 mt1 ph1">1-day shipping</span></div></div></div></div></div></div><div class="mb1 ph1 pa0-xl bb b--near-white w-25"><div class="h-100 pb1-xl pr4-xl pv1 ph1"><div class="sans-serif mid-gray relative flex flex-column w-100" data-item-id="2MHIERRRBSOG"><a class="absolute w-100 h-100 z-1" href="/ip/Simply-Cheetos-Puffs-Cheese-Flavored-Snacks-White-Cheddar-8-Oz/10900155" link-identifier="10900155"><span class="w_AM">Simply Cheetos Puffs Cheese Flavored Snacks, White Cheddar, 8 Oz </span></a><div class="" data-testid="list-view"><div class=""><div class="h2 relative mb2"></div><div class="relative"><div class="relative overflow-hidden" style="max-width: 290px; height: 0px; padding-bottom: min(290px, 100%); align-self: center; width: min(290px, 100%);"><img alt="" class="absolute top-0 left-0" data-testid="productTileImage" height="" loading="lazy" src="https://i5.walmartimages.com/asr/662a3b59-8db7-4145-bb6b-222e3b6e6756_1.ec74f1beb33da28580d87d2b0d2f9a86.jpeg?odnHeight=580&amp;odnWidth=580&amp;odnBg=FFFFFF" srcset="https://i5.walmartimages.com/asr/662a3b59-8db7-4145-bb6b-222e3b6e6756_1.ec74f1beb33da28580d87d2b0d2f9a86.jpeg?odnHeight=290&amp;odnWidth=290&amp;odnBg=FFFFFF 1x, https://i5.walmartimages.com/asr/662a3b59-8db7-4145-bb6b-222e3b6e6756_1.ec74f1beb33da28580d87d2b0d2f9a86.jpeg?odnHeight=580&amp;odnWidth=580&amp;odnBg=FFFFFF 2x" width=""/></div><div class="z-2 absolute bottom--1"><div class="dib relative"><button aria-label="Add to cart - Simply Cheetos Puffs Cheese Flavored Snacks, White Cheddar, 8 Oz" class="w_6 w_8 w_AD pointer bn bg-blue hover-bg-dark-blue white sans-serif b w-auto ph2 flex items-center justify-center shadow-1" type="button"><i class="ld ld-Plus" style="font-size: 1.5rem; vertical-align: -0.25em;" title="add to cart"></i><span class="mr2">Add</span></button></div></div></div><div class="mt5 mb1" data-testid="variant-2MHIERRRBSOG" style="height: 24px;"></div></div><div class=""><div class="flex flex-wrap justify-start items-center lh-title mb2 mb1-m"><div aria-hidden="true" class="b black f5 mr1 mr2-xl lh-copy f4-l">$3.28</div><span class="w_AM">current price $3.28</span><div class="f7 f6-l gray mr1">41.0 ¢/oz</div></div><span class="w_AJ" style="-webkit-line-clamp: 3; padding-bottom: 0em; margin-bottom: 0em;"><span class="f6 f5-l normal dark-gray mb0 mt1 lh-title">Simply Cheetos Puffs Cheese Flavored Snacks, White Cheddar, 8 Oz</span></span><div class="mt2 flex items-center"><span class="black inline-flex mr1"><i aria-hidden="true" class="ld ld-StarFill" style="font-size: 12px; vertical-align: -0.175em;"></i><i aria-hidden="true" class="ld ld-StarFill" style="font-size: 12px; vertical-align: -0.175em;"></i><i aria-hidden="true" class="ld ld-StarFill" style="font-size: 12px; vertical-align: -0.175em;"></i><i aria-hidden="true" class="ld ld-StarFill" style="font-size: 12px; vertical-align: -0.175em;"></i><i aria-hidden="true" class="ld ld-StarHalf" style="font-size: 12px; vertical-align: -0.175em;"></i></span><span aria-hidden="true" class="sans-serif gray f7">296</span><span class="w_AM">4.6 out of 5 Stars. 296 reviews</span></div><div class="mv2 flex items-center"><div class="f7 mr1 blue b lh-copy">Save with</div><img alt="Walmart Plus" class="pr2 flex" height="20" loading="lazy" src="//i5.walmartimages.com/dfw/63fd9f59-ac39/29c6759d-7f14-49fa-bd3a-b870eb4fb8fb/v1/wplus-icon-blue.svg" width="20"/></div><div class="mt2 mb2"><span class="w_EN w_ET w_EX mr1 mt1 ph1">1-day shipping</span></div></div></div></div></div></div><div class="mb1 ph1 pa0-xl bb b--near-white w-25"><div class="h-100 pb1-xl pr4-xl pv1 ph1"><div class="sans-serif mid-gray relative flex flex-column w-100" data-item-id="18T30UJ3DPY6"><a class="absolute w-100 h-100 z-1" href="/ip/Lay-s-Potato-Chips-Sour-Cream-Onion-Flavored-12-5-oz/664636414" link-identifier="664636414"><span class="w_AM">Lay's Potato Chips, Sour Cream &amp; Onion Flavored, 12.5 oz </span></a><div class="" data-testid="list-view"><div class=""><div class="h2 relative mb2"></div><div class="relative"><div class="relative overflow-hidden" style="max-width: 290px; height: 0px; padding-bottom: min(290px, 100%); align-self: center; width: min(290px, 100%);"><img alt="" class="absolute top-0 left-0" data-testid="productTileImage" height="" loading="lazy" src="https://i5.walmartimages.com/asr/8bebe3af-bfc6-4f7f-8559-bb6128d263e8.93c5c990b5857fc073b3ac79e45bb580.jpeg?odnHeight=580&amp;odnWidth=580&amp;odnBg=FFFFFF" srcset="https://i5.walmartimages.com/asr/8bebe3af-bfc6-4f7f-8559-bb6128d263e8.93c5c990b5857fc073b3ac79e45bb580.jpeg?odnHeight=290&amp;odnWidth=290&amp;odnBg=FFFFFF 1x, https://i5.walmartimages.com/asr/8bebe3af-bfc6-4f7f-8559-bb6128d263e8.93c5c990b5857fc073b3ac79e45bb580.jpeg?odnHeight=580&amp;odnWidth=580&amp;odnBg=FFFFFF 2x" width=""/></div><div class="z-2 absolute bottom--1"><div class="dib relative"><button aria-label="Add to cart - Lay's Potato Chips, Sour Cream &amp; Onion Flavored, 12.5 oz" class="w_6 w_8 w_AD pointer bn bg-blue hover-bg-dark-blue white sans-serif b w-auto ph2 flex items-center justify-center shadow-1" type="button"><i class="ld ld-Plus" style="font-size: 1.5rem; vertical-align: -0.25em;" title="add to cart"></i><span class="mr2">Add</span></button></div></div></div><div class="mt5 mb1" data-testid="variant-18T30UJ3DPY6" style="height: 24px;"></div></div><div class=""><div class="flex flex-wrap justify-start items-center lh-title mb2 mb1-m"><div aria-hidden="true" class="b black f5 mr1 mr2-xl lh-copy f4-l">$4.48</div><span class="w_AM">current price $4.48</span><div class="f7 f6-l gray mr1">35.8 ¢/oz</div></div><span class="w_AJ" style="-webkit-line-clamp: 3; padding-bottom: 0em; margin-bottom: 0em;"><span class="f6 f5-l normal dark-gray mb0 mt1 lh-title">Lay's Potato Chips, Sour Cream &amp; Onion Flavored, 12.5 oz</span></span><div class="mt2 flex items-center"><span class="black inline-flex mr1"><i aria-hidden="true" class="ld ld-StarFill" style="font-size: 12px; vertical-align: -0.175em;"></i><i aria-hidden="true" class="ld ld-StarFill" style="font-size: 12px; vertical-align: -0.175em;"></i><i aria-hidden="true" class="ld ld-StarFill" style="font-size: 12px; vertical-align: -0.175em;"></i><i aria-hidden="true" class="ld ld-StarFill" style="font-size: 12px; vertical-align: -0.175em;"></i><i aria-hidden="true" class="ld ld-StarHalf" style="font-size: 12px; vertical-align: -0.175em;"></i></span><span aria-hidden="true" class="sans-serif gray f7">443</span><span class="w_AM">4.3 out of 5 Stars. 443 reviews</span></div><div class="mv2 flex items-center"><div class="f7 mr1 blue b lh-copy">Save with</div><img alt="Walmart Plus" class="pr2 flex" height="20" loading="lazy" src="//i5.walmartimages.com/dfw/63fd9f59-ac39/29c6759d-7f14-49fa-bd3a-b870eb4fb8fb/v1/wplus-icon-blue.svg" width="20"/></div><div class="mt2 mb2"><span class="w_EN w_ET w_EX mr1 mt1 ph1">Pickup</span><span class="w_EN w_ET w_EX mr1 mt1 ph1">Delivery</span><span class="w_EN w_ET w_EX mr1 mt1 ph1">1-day shipping</span></div></div></div></div></div></div><div class="mb1 ph1 pa0-xl bb b--near-white w-25"><div class="h-100 pb1-xl pr4-xl pv1 ph1"><div class="sans-serif mid-gray relative flex flex-column w-100" data-item-id="1GHPHY9D1GP3"><a class="absolute w-100 h-100 z-1" href="/ip/Frito-Lay-Flamin-Hot-Mix-Snacks-Variety-Pack-18-Count-Assortment-may-vary/895289804" link-identifier="895289804"><span class="w_AM">Frito-Lay Flamin' Hot Mix Snacks Variety Pack, 18 Count (Assortment may vary) </span></a><div class="" data-testid="list-view"><div class=""><div class="h2 relative mb2"></div><div class="relative"><div class="relative overflow-hidden" style="max-width: 290px; height: 0px; padding-bottom: min(290px, 100%); align-self: center; width: min(290px, 100%);"><img alt="" class="absolute top-0 left-0" data-testid="productTileImage" height="" loading="lazy" src="https://i5.walmartimages.com/asr/79adcb0e-53bc-41a8-9f94-d1bafd5b75b8.360013851e5ab50cef1390d7791c2ce2.jpeg?odnHeight=580&amp;odnWidth=580&amp;odnBg=FFFFFF" srcset="https://i5.walmartimages.com/asr/79adcb0e-53bc-41a8-9f94-d1bafd5b75b8.360013851e5ab50cef1390d7791c2ce2.jpeg?odnHeight=290&amp;odnWidth=290&amp;odnBg=FFFFFF 1x, https://i5.walmartimages.com/asr/79adcb0e-53bc-41a8-9f94-d1bafd5b75b8.360013851e5ab50cef1390d7791c2ce2.jpeg?odnHeight=580&amp;odnWidth=580&amp;odnBg=FFFFFF 2x" width=""/></div><div class="z-2 absolute bottom--1"><div class="dib relative"><button aria-label="Add to cart - Frito-Lay Flamin' Hot Mix Snacks Variety Pack, 18 Count (Assortment may vary)" class="w_6 w_8 w_AD pointer bn bg-blue hover-bg-dark-blue white sans-serif b w-auto ph2 flex items-center justify-center shadow-1" type="button"><i class="ld ld-Plus" style="font-size: 1.5rem; vertical-align: -0.25em;" title="add to cart"></i><span class="mr2">Add</span></button></div></div></div><div class="mt5 mb1" data-testid="variant-1GHPHY9D1GP3" style="height: 24px;"></div></div><div class=""><div class="flex flex-wrap justify-start items-center lh-title mb2 mb1-m"><div aria-hidden="true" class="b black f5 mr1 mr2-xl lh-copy f4-l">$22.55</div><span class="w_AM">current price $22.55</span></div><span class="w_AJ" style="-webkit-line-clamp: 3; padding-bottom: 0em; margin-bottom: 0em;"><span class="f6 f5-l normal dark-gray mb0 mt1 lh-title">Frito-Lay Flamin' Hot Mix Snacks Variety Pack, 18 Count (Assortment may vary)</span></span><div class="mt2 flex items-center"><span class="black inline-flex mr1"><i aria-hidden="true" class="ld ld-StarFill" style="font-size: 12px; vertical-align: -0.175em;"></i><i aria-hidden="true" class="ld ld-StarFill" style="font-size: 12px; vertical-align: -0.175em;"></i><i aria-hidden="true" class="ld ld-StarFill" style="font-size: 12px; vertical-align: -0.175em;"></i><i aria-hidden="true" class="ld ld-StarFill" style="font-size: 12px; vertical-align: -0.175em;"></i><i aria-hidden="true" class="ld ld-StarHalf" style="font-size: 12px; vertical-align: -0.175em;"></i></span><span aria-hidden="true" class="sans-serif gray f7">186</span><span class="w_AM">4.4 out of 5 Stars. 186 reviews</span></div><div class="mt2 mb2"><span class="w_EN w_ET w_EX mr1 mt1 ph1">3+ day shipping</span></div></div></div></div></div></div><div class="mb1 ph1 pa0-xl bb b--near-white w-25"><div class="h-100 pb1-xl pr4-xl pv1 ph1"><div class="sans-serif mid-gray relative flex flex-column w-100" data-item-id="1DFVRYXM5L1E"><a class="absolute w-100 h-100 z-1" href="/ip/Pringles-Potato-Crisps-Chips-Lunch-Snacks-Office-and-Kids-Snacks-Variety-Pack-27-Ct-19-5-Oz-Box/453387822" link-identifier="453387822"><span class="w_AM">Pringles Potato Crisps Chips, Lunch Snacks, Office and Kids Snacks, Variety Pack, 27 Ct, 19.5 Oz, Box </span></a><div class="" data-testid="list-view"><div class=""><div class="h2 relative mb2"></div><div class="relative"><div class="relative overflow-hidden" style="max-width: 290px; height: 0px; padding-bottom: min(290px, 100%); align-self: center; width: min(290px, 100%);"><img alt="" class="absolute top-0 left-0" data-testid="productTileImage" height="" loading="lazy" src="https://i5.walmartimages.com/asr/85eb57be-20d4-4438-8509-39e982c6e1ae.eae8bfc3234939f36ca50bd1f87a103b.jpeg?odnHeight=580&amp;odnWidth=580&amp;odnBg=FFFFFF" srcset="https://i5.walmartimages.com/asr/85eb57be-20d4-4438-8509-39e982c6e1ae.eae8bfc3234939f36ca50bd1f87a103b.jpeg?odnHeight=290&amp;odnWidth=290&amp;odnBg=FFFFFF 1x, https://i5.walmartimages.com/asr/85eb57be-20d4-4438-8509-39e982c6e1ae.eae8bfc3234939f36ca50bd1f87a103b.jpeg?odnHeight=580&amp;odnWidth=580&amp;odnBg=FFFFFF 2x" width=""/></div><div class="z-2 absolute bottom--1"><div class="dib relative"><button aria-label="Add to cart - Pringles Potato Crisps Chips, Lunch Snacks, Office and Kids Snacks, Variety Pack, 27 Ct, 19.5 Oz, Box" class="w_6 w_8 w_AD pointer bn bg-blue hover-bg-dark-blue white sans-serif b w-auto ph2 flex items-center justify-center shadow-1" type="button"><i class="ld ld-Plus" style="font-size: 1.5rem; vertical-align: -0.25em;" title="add to cart"></i><span class="mr2">Add</span></button></div></div></div><div class="mt5 mb1" data-testid="variant-1DFVRYXM5L1E" style="height: 24px;"></div></div><div class=""><div class="flex flex-wrap justify-start items-center lh-title mb2 mb1-m"><div aria-hidden="true" class="b black f5 mr1 mr2-xl lh-copy f4-l">$11.38</div><span class="w_AM">current price $11.38</span><div class="f7 f6-l gray mr1">58.4 ¢/oz</div></div><span class="w_AJ" style="-webkit-line-clamp: 3; padding-bottom: 0em; margin-bottom: 0em;"><span class="f6 f5-l normal dark-gray mb0 mt1 lh-title">Pringles Potato Crisps Chips, Lunch Snacks, Office and Kids Snacks, Variety Pack, 27 Ct, 19.5 Oz, Box</span></span><div class="mt2 flex items-center"><span class="black inline-flex mr1"><i aria-hidden="true" class="ld ld-StarFill" style="font-size: 12px; vertical-align: -0.175em;"></i><i aria-hidden="true" class="ld ld-StarFill" style="font-size: 12px; vertical-align: -0.175em;"></i><i aria-hidden="true" class="ld ld-StarFill" style="font-size: 12px; vertical-align: -0.175em;"></i><i aria-hidden="true" class="ld ld-StarFill" style="font-size: 12px; vertical-align: -0.175em;"></i><i aria-hidden="true" class="ld ld-StarHalf" style="font-size: 12px; vertical-align: -0.175em;"></i></span><span aria-hidden="true" class="sans-serif gray f7">910</span><span class="w_AM">4.5 out of 5 Stars. 910 reviews</span></div><div class="mv2 flex items-center"><div class="f7 mr1 blue b lh-copy">Save with</div><img alt="Walmart Plus" class="pr2 flex" height="20" loading="lazy" src="//i5.walmartimages.com/dfw/63fd9f59-ac39/29c6759d-7f14-49fa-bd3a-b870eb4fb8fb/v1/wplus-icon-blue.svg" width="20"/></div><div class="mt2 mb2"><span class="w_EN w_ET w_EX mr1 mt1 ph1">Pickup</span><span class="w_EN w_ET w_EX mr1 mt1 ph1">Delivery</span><span class="w_EN w_ET w_EX mr1 mt1 ph1">1-day shipping</span></div></div></div></div></div></div><div class="mb1 ph1 pa0-xl bb b--near-white w-25"><div class="h-100 pb1-xl pr4-xl pv1 ph1"><div class="sans-serif mid-gray relative flex flex-column w-100" data-item-id="1Q2Y1LI376CO"><a class="absolute w-100 h-100 z-1" href="/ip/Lay-s-Wavy-Potato-Chips-Original-Flavor-7-75-oz-Bag/476979874" link-identifier="476979874"><span class="w_AM">Lay's Wavy Potato Chips, Original Flavor, 7.75 oz Bag </span></a><div class="" data-testid="list-view"><div class=""><div class="h2 relative mb2"></div><div class="relative"><div class="relative overflow-hidden" style="max-width: 290px; height: 0px; padding-bottom: min(290px, 100%); align-self: center; width: min(290px, 100%);"><img alt="" class="absolute top-0 left-0" data-testid="productTileImage" height="" loading="lazy" src="https://i5.walmartimages.com/asr/e7473140-3149-486e-8acd-6e0a200c54e7.5a2348c91640f939b1238500c2212a49.jpeg?odnHeight=580&amp;odnWidth=580&amp;odnBg=FFFFFF" srcset="https://i5.walmartimages.com/asr/e7473140-3149-486e-8acd-6e0a200c54e7.5a2348c91640f939b1238500c2212a49.jpeg?odnHeight=290&amp;odnWidth=290&amp;odnBg=FFFFFF 1x, https://i5.walmartimages.com/asr/e7473140-3149-486e-8acd-6e0a200c54e7.5a2348c91640f939b1238500c2212a49.jpeg?odnHeight=580&amp;odnWidth=580&amp;odnBg=FFFFFF 2x" width=""/></div><div class="z-2 absolute bottom--1"><div class="dib relative"><button aria-label="Add to cart - Lay's Wavy Potato Chips, Original Flavor, 7.75 oz Bag" class="w_6 w_8 w_AD pointer bn bg-blue hover-bg-dark-blue white sans-serif b w-auto ph2 flex items-center justify-center shadow-1" type="button"><i class="ld ld-Plus" style="font-size: 1.5rem; vertical-align: -0.25em;" title="add to cart"></i><span class="mr2">Add</span></button></div></div></div><div class="mt5 mb1" data-testid="variant-1Q2Y1LI376CO" style="height: 24px;"></div></div><div class=""><div class="flex flex-wrap justify-start items-center lh-title mb2 mb1-m"><div aria-hidden="true" class="b black f5 mr1 mr2-xl lh-copy f4-l">$2.98</div><span class="w_AM">current price $2.98</span><div class="f7 f6-l gray mr1">38.5 ¢/oz</div></div><span class="w_AJ" style="-webkit-line-clamp: 3; padding-bottom: 0em; margin-bottom: 0em;"><span class="f6 f5-l normal dark-gray mb0 mt1 lh-title">Lay's Wavy Potato Chips, Original Flavor, 7.75 oz Bag</span></span><div class="mt2 flex items-center"><span class="black inline-flex mr1"><i aria-hidden="true" class="ld ld-StarFill" style="font-size: 12px; vertical-align: -0.175em;"></i><i aria-hidden="true" class="ld ld-StarFill" style="font-size: 12px; vertical-align: -0.175em;"></i><i aria-hidden="true" class="ld ld-StarFill" style="font-size: 12px; vertical-align: -0.175em;"></i><i aria-hidden="true" class="ld ld-StarFill" style="font-size: 12px; vertical-align: -0.175em;"></i><i aria-hidden="true" class="ld ld-StarHalf" style="font-size: 12px; vertical-align: -0.175em;"></i></span><span aria-hidden="true" class="sans-serif gray f7">396</span><span class="w_AM">4.5 out of 5 Stars. 396 reviews</span></div><div class="mv2 flex items-center"><div class="f7 mr1 blue b lh-copy">Save with</div><img alt="Walmart Plus" class="pr2 flex" height="20" loading="lazy" src="//i5.walmartimages.com/dfw/63fd9f59-ac39/29c6759d-7f14-49fa-bd3a-b870eb4fb8fb/v1/wplus-icon-blue.svg" width="20"/></div><div class="mt2 mb2"><span class="w_EN w_ET w_EX mr1 mt1 ph1">Pickup</span><span class="w_EN w_ET w_EX mr1 mt1 ph1">Delivery</span><span class="w_EN w_ET w_EX mr1 mt1 ph1">1-day shipping</span></div></div></div></div></div></div><div class="mb1 ph1 pa0-xl bb b--near-white w-25"><div class="h-100 pb1-xl pr4-xl pv1 ph1"><div class="sans-serif mid-gray relative flex flex-column w-100" data-item-id="2V6WTQU9Z8IP"><a class="absolute w-100 h-100 z-1" href="/ip/Pringles-Potato-Crisps-Chips-Lunch-Snacks-Pizza-5-5-Oz-Can/158390978" link-identifier="158390978"><span class="w_AM">Pringles Potato Crisps Chips, Lunch Snacks, Pizza, 5.5 Oz, Can </span></a><div class="" data-testid="list-view"><div class=""><div class="h2 relative mb2"></div><div class="relative"><div class="relative overflow-hidden" style="max-width: 290px; height: 0px; padding-bottom: min(290px, 100%); align-self: center; width: min(290px, 100%);"><img alt="" class="absolute top-0 left-0" data-testid="productTileImage" height="" loading="lazy" src="https://i5.walmartimages.com/asr/8f6679cf-1b85-46dd-9af8-1151136d7f1e.1b9b6c38a1484f4ffaf0c3469cc11411.jpeg?odnHeight=580&amp;odnWidth=580&amp;odnBg=FFFFFF" srcset="https://i5.walmartimages.com/asr/8f6679cf-1b85-46dd-9af8-1151136d7f1e.1b9b6c38a1484f4ffaf0c3469cc11411.jpeg?odnHeight=290&amp;odnWidth=290&amp;odnBg=FFFFFF 1x, https://i5.walmartimages.com/asr/8f6679cf-1b85-46dd-9af8-1151136d7f1e.1b9b6c38a1484f4ffaf0c3469cc11411.jpeg?odnHeight=580&amp;odnWidth=580&amp;odnBg=FFFFFF 2x" width=""/></div><div class="z-2 absolute bottom--1"><div class="dib relative"><button aria-label="Add to cart - Pringles Potato Crisps Chips, Lunch Snacks, Pizza, 5.5 Oz, Can" class="w_6 w_8 w_AD pointer bn bg-blue hover-bg-dark-blue white sans-serif b w-auto ph2 flex items-center justify-center shadow-1" type="button"><i class="ld ld-Plus" style="font-size: 1.5rem; vertical-align: -0.25em;" title="add to cart"></i><span class="mr2">Add</span></button></div></div></div><div class="mt5 mb1" data-testid="variant-2V6WTQU9Z8IP" style="height: 24px;"></div></div><div class=""><div class="flex flex-wrap justify-start items-center lh-title mb2 mb1-m"><div aria-hidden="true" class="b black f5 mr1 mr2-xl lh-copy f4-l">$1.78</div><span class="w_AM">current price $1.78</span><div class="f7 f6-l gray mr1">32.4 ¢/oz</div></div><span class="w_AJ" style="-webkit-line-clamp: 3; padding-bottom: 0em; margin-bottom: 0em;"><span class="f6 f5-l normal dark-gray mb0 mt1 lh-title">Pringles Potato Crisps Chips, Lunch Snacks, Pizza, 5.5 Oz, Can</span></span><div class="mt2 flex items-center"><span class="black inline-flex mr1"><i aria-hidden="true" class="ld ld-StarFill" style="font-size: 12px; vertical-align: -0.175em;"></i><i aria-hidden="true" class="ld ld-StarFill" style="font-size: 12px; vertical-align: -0.175em;"></i><i aria-hidden="true" class="ld ld-StarFill" style="font-size: 12px; vertical-align: -0.175em;"></i><i aria-hidden="true" class="ld ld-StarFill" style="font-size: 12px; vertical-align: -0.175em;"></i><i aria-hidden="true" class="ld ld-StarHalf" style="font-size: 12px; vertical-align: -0.175em;"></i></span><span aria-hidden="true" class="sans-serif gray f7">152</span><span class="w_AM">4.3 out of 5 Stars. 152 reviews</span></div><div class="mv2 flex items-center"><div class="f7 mr1 blue b lh-copy">Save with</div><img alt="Walmart Plus" class="pr2 flex" height="20" loading="lazy" src="//i5.walmartimages.com/dfw/63fd9f59-ac39/29c6759d-7f14-49fa-bd3a-b870eb4fb8fb/v1/wplus-icon-blue.svg" width="20"/></div><div class="mt2 mb2"><span class="w_EN w_ET w_EX mr1 mt1 ph1">Pickup</span><span class="w_EN w_ET w_EX mr1 mt1 ph1">Delivery</span><span class="w_EN w_ET w_EX mr1 mt1 ph1">1-day shipping</span></div></div></div></div></div></div><div class="mb1 ph1 pa0-xl bb b--near-white w-25"><div class="h-100 pb1-xl pr4-xl pv1 ph1"><div class="sans-serif mid-gray relative flex flex-column w-100" data-item-id="6M97HTYOXB5U"><a class="absolute w-100 h-100 z-1" href="/ip/Doritos-Cool-Ranch-Flavored-Tortilla-Chips-9-25-oz-Bag/669602404" link-identifier="669602404"><span class="w_AM">Doritos Cool Ranch Flavored Tortilla Chips, 9.25 oz Bag </span></a><div class="" data-testid="list-view"><div class=""><div class="h2 relative mb2"></div><div class="relative"><div class="relative overflow-hidden" style="max-width: 290px; height: 0px; padding-bottom: min(290px, 100%); align-self: center; width: min(290px, 100%);"><img alt="" class="absolute top-0 left-0" data-testid="productTileImage" height="" loading="lazy" src="https://i5.walmartimages.com/asr/0d5cc977-b736-40d0-89f0-fac5ffdaa47a.a209cd1e4c8ae8bfd9600225f0191cb5.jpeg?odnHeight=580&amp;odnWidth=580&amp;odnBg=FFFFFF" srcset="https://i5.walmartimages.com/asr/0d5cc977-b736-40d0-89f0-fac5ffdaa47a.a209cd1e4c8ae8bfd9600225f0191cb5.jpeg?odnHeight=290&amp;odnWidth=290&amp;odnBg=FFFFFF 1x, https://i5.walmartimages.com/asr/0d5cc977-b736-40d0-89f0-fac5ffdaa47a.a209cd1e4c8ae8bfd9600225f0191cb5.jpeg?odnHeight=580&amp;odnWidth=580&amp;odnBg=FFFFFF 2x" width=""/></div><div class="z-2 absolute bottom--1"><div class="dib relative"><button aria-label="Add to cart - Doritos Cool Ranch Flavored Tortilla Chips, 9.25 oz Bag" class="w_6 w_8 w_AD pointer bn bg-blue hover-bg-dark-blue white sans-serif b w-auto ph2 flex items-center justify-center shadow-1" type="button"><i class="ld ld-Plus" style="font-size: 1.5rem; vertical-align: -0.25em;" title="add to cart"></i><span class="mr2">Add</span></button></div></div></div><div class="mt5 mb1" data-testid="variant-6M97HTYOXB5U" style="height: 24px;"></div></div><div class=""><div class="flex flex-wrap justify-start items-center lh-title mb2 mb1-m"><div aria-hidden="true" class="b black f5 mr1 mr2-xl lh-copy f4-l">$3.48</div><span class="w_AM">current price $3.48</span><div class="f7 f6-l gray mr1">37.4 ¢/oz</div></div><span class="w_AJ" style="-webkit-line-clamp: 3; padding-bottom: 0em; margin-bottom: 0em;"><span class="f6 f5-l normal dark-gray mb0 mt1 lh-title">Doritos Cool Ranch Flavored Tortilla Chips, 9.25 oz Bag</span></span><div class="mt2 flex items-center"><span class="black inline-flex mr1"><i aria-hidden="true" class="ld ld-StarFill" style="font-size: 12px; vertical-align: -0.175em;"></i><i aria-hidden="true" class="ld ld-StarFill" style="font-size: 12px; vertical-align: -0.175em;"></i><i aria-hidden="true" class="ld ld-StarFill" style="font-size: 12px; vertical-align: -0.175em;"></i><i aria-hidden="true" class="ld ld-StarHalf" style="font-size: 12px; vertical-align: -0.175em;"></i><i aria-hidden="true" class="ld ld-Star" style="font-size: 12px; vertical-align: -0.175em;"></i></span><span aria-hidden="true" class="sans-serif gray f7">39</span><span class="w_AM">3.7 out of 5 Stars. 39 reviews</span></div><div class="mv2 flex items-center"><div class="f7 mr1 blue b lh-copy">Save with</div><img alt="Walmart Plus" class="pr2 flex" height="20" loading="lazy" src="//i5.walmartimages.com/dfw/63fd9f59-ac39/29c6759d-7f14-49fa-bd3a-b870eb4fb8fb/v1/wplus-icon-blue.svg" width="20"/></div><div class="mt2 mb2"><span class="w_EN w_ET w_EX mr1 mt1 ph1">Pickup</span><span class="w_EN w_ET w_EX mr1 mt1 ph1">Delivery</span><span class="w_EN w_ET w_EX mr1 mt1 ph1">1-day shipping</span></div></div></div></div></div></div><div class="mb1 ph1 pa0-xl bb b--near-white w-25"><div class="h-100 pb1-xl pr4-xl pv1 ph1"><div class="sans-serif mid-gray relative flex flex-column w-100" data-item-id="1ZBYVF4UNO01"><a class="absolute w-100 h-100 z-1" href="/ip/Lay-s-Potato-Chips-Dill-Pickle-Flavor-7-75-oz-Bag/33571859" link-identifier="33571859"><span class="w_AM">Lay's Potato Chips, Dill Pickle Flavor, 7.75 oz Bag </span></a><div class="" data-testid="list-view"><div class=""><div class="h2 relative mb2"></div><div class="relative"><div class="relative overflow-hidden" style="max-width: 290px; height: 0px; padding-bottom: min(290px, 100%); align-self: center; width: min(290px, 100%);"><img alt="" class="absolute top-0 left-0" data-testid="productTileImage" height="" loading="lazy" src="https://i5.walmartimages.com/asr/5968a83c-c32c-4f1a-8d3e-5d7fa3267661.9e6102af354031884d32afa25c6c4509.jpeg?odnHeight=580&amp;odnWidth=580&amp;odnBg=FFFFFF" srcset="https://i5.walmartimages.com/asr/5968a83c-c32c-4f1a-8d3e-5d7fa3267661.9e6102af354031884d32afa25c6c4509.jpeg?odnHeight=290&amp;odnWidth=290&amp;odnBg=FFFFFF 1x, https://i5.walmartimages.com/asr/5968a83c-c32c-4f1a-8d3e-5d7fa3267661.9e6102af354031884d32afa25c6c4509.jpeg?odnHeight=580&amp;odnWidth=580&amp;odnBg=FFFFFF 2x" width=""/></div><div class="z-2 absolute bottom--1"><div class="dib relative"><button aria-label="Add to cart - Lay's Potato Chips, Dill Pickle Flavor, 7.75 oz Bag" class="w_6 w_8 w_AD pointer bn bg-blue hover-bg-dark-blue white sans-serif b w-auto ph2 flex items-center justify-center shadow-1" type="button"><i class="ld ld-Plus" style="font-size: 1.5rem; vertical-align: -0.25em;" title="add to cart"></i><span class="mr2">Add</span></button></div></div></div><div class="mt5 mb1" data-testid="variant-1ZBYVF4UNO01" style="height: 24px;"></div></div><div class=""><div class="flex flex-wrap justify-start items-center lh-title mb2 mb1-m"><div aria-hidden="true" class="b black f5 mr1 mr2-xl lh-copy f4-l">$13.50</div><span class="w_AM">current price $13.50</span></div><span class="w_AJ" style="-webkit-line-clamp: 3; padding-bottom: 0em; margin-bottom: 0em;"><span class="f6 f5-l normal dark-gray mb0 mt1 lh-title">Lay's Potato Chips, Dill Pickle Flavor, 7.75 oz Bag</span></span><div class="mt2 flex items-center"><span class="black inline-flex mr1"><i aria-hidden="true" class="ld ld-StarFill" style="font-size: 12px; vertical-align: -0.175em;"></i><i aria-hidden="true" class="ld ld-StarFill" style="font-size: 12px; vertical-align: -0.175em;"></i><i aria-hidden="true" class="ld ld-StarFill" style="font-size: 12px; vertical-align: -0.175em;"></i><i aria-hidden="true" class="ld ld-StarFill" style="font-size: 12px; vertical-align: -0.175em;"></i><i aria-hidden="true" class="ld ld-StarHalf" style="font-size: 12px; vertical-align: -0.175em;"></i></span><span aria-hidden="true" class="sans-serif gray f7">367</span><span class="w_AM">4.6 out of 5 Stars. 367 reviews</span></div><div class="mt2 mb2"><span class="w_EN w_ET w_EX mr1 mt1 ph1">3+ day shipping</span></div></div></div></div></div></div><div class="mb1 ph1 pa0-xl bb b--near-white w-25"><div class="h-100 pb1-xl pr4-xl pv1 ph1"><div class="sans-serif mid-gray relative flex flex-column w-100" data-item-id="4U52SQK63D1C"><a class="absolute w-100 h-100 z-1" href="/ip/Cheetos-Puffs-Cheese-Flavored-Snacks-Party-Size-13-5-oz-Bag/760705894" link-identifier="760705894"><span class="w_AM">Cheetos Puffs Cheese Flavored Snacks, Party Size, 13.5 oz Bag </span></a><div class="" data-testid="list-view"><div class=""><div class="h2 relative mb2"></div><div class="relative"><div class="relative overflow-hidden" style="max-width: 290px; height: 0px; padding-bottom: min(290px, 100%); align-self: center; width: min(290px, 100%);"><img alt="" class="absolute top-0 left-0" data-testid="productTileImage" height="" loading="lazy" src="https://i5.walmartimages.com/asr/08f992d7-e457-4f6c-832f-79099262ea20.5e6404796371b18d55f6166998a83cdd.jpeg?odnHeight=580&amp;odnWidth=580&amp;odnBg=FFFFFF" srcset="https://i5.walmartimages.com/asr/08f992d7-e457-4f6c-832f-79099262ea20.5e6404796371b18d55f6166998a83cdd.jpeg?odnHeight=290&amp;odnWidth=290&amp;odnBg=FFFFFF 1x, https://i5.walmartimages.com/asr/08f992d7-e457-4f6c-832f-79099262ea20.5e6404796371b18d55f6166998a83cdd.jpeg?odnHeight=580&amp;odnWidth=580&amp;odnBg=FFFFFF 2x" width=""/></div><div class="z-2 absolute bottom--1"><div class="dib relative"><button aria-label="Add to cart - Cheetos Puffs Cheese Flavored Snacks, Party Size, 13.5 oz Bag" class="w_6 w_8 w_AD pointer bn bg-blue hover-bg-dark-blue white sans-serif b w-auto ph2 flex items-center justify-center shadow-1" type="button"><i class="ld ld-Plus" style="font-size: 1.5rem; vertical-align: -0.25em;" title="add to cart"></i><span class="mr2">Add</span></button></div></div></div><div class="mt5 mb1" data-testid="variant-4U52SQK63D1C" style="height: 24px;"></div></div><div class=""><div class="flex flex-wrap justify-start items-center lh-title mb2 mb1-m"><div aria-hidden="true" class="b black f5 mr1 mr2-xl lh-copy f4-l">$16.99</div><span class="w_AM">current price $16.99</span></div><span class="w_AJ" style="-webkit-line-clamp: 3; padding-bottom: 0em; margin-bottom: 0em;"><span class="f6 f5-l normal dark-gray mb0 mt1 lh-title">Cheetos Puffs Cheese Flavored Snacks, Party Size, 13.5 oz Bag</span></span><div class="mt2 flex items-center"><span class="black inline-flex mr1"><i aria-hidden="true" class="ld ld-StarFill" style="font-size: 12px; vertical-align: -0.175em;"></i><i aria-hidden="true" class="ld ld-StarFill" style="font-size: 12px; vertical-align: -0.175em;"></i><i aria-hidden="true" class="ld ld-StarFill" style="font-size: 12px; vertical-align: -0.175em;"></i><i aria-hidden="true" class="ld ld-StarFill" style="font-size: 12px; vertical-align: -0.175em;"></i><i aria-hidden="true" class="ld ld-StarHalf" style="font-size: 12px; vertical-align: -0.175em;"></i></span><span aria-hidden="true" class="sans-serif gray f7">790</span><span class="w_AM">4.4 out of 5 Stars. 790 reviews</span></div><div class="mt2 mb2"><span class="w_EN w_ET w_EX mr1 mt1 ph1">3+ day shipping</span></div></div></div></div></div></div><div class="mb1 ph1 pa0-xl bb b--near-white w-25 pb1-xl"><div class="h-100 pb1-xl pr4-xl pv1 ph1"><div class="sans-serif mid-gray relative flex flex-column w-100" data-item-id="5FLZHLC6K7DV"><a class="absolute w-100 h-100 z-1" href="/ip/Great-Value-Bite-Tortilla-Chips-Party-Size-18-oz/486203982" link-identifier="486203982"><span class="w_AM">Great Value Bite Tortilla Chips Party Size, 18 oz </span></a><div class="" data-testid="list-view"><div class=""><div class="h2 relative mb2"></div><div class="relative"><div class="relative overflow-hidden" style="max-width: 290px; height: 0px; padding-bottom: min(290px, 100%); align-self: center; width: min(290px, 100%);"><img alt="" class="absolute top-0 left-0" data-testid="productTileImage" height="" loading="lazy" src="https://i5.walmartimages.com/asr/2732378a-4162-4828-b330-c2f61838b1f8_3.417354bf058c4b45dd0f942959a20434.jpeg?odnHeight=580&amp;odnWidth=580&amp;odnBg=FFFFFF" srcset="https://i5.walmartimages.com/asr/2732378a-4162-4828-b330-c2f61838b1f8_3.417354bf058c4b45dd0f942959a20434.jpeg?odnHeight=290&amp;odnWidth=290&amp;odnBg=FFFFFF 1x, https://i5.walmartimages.com/asr/2732378a-4162-4828-b330-c2f61838b1f8_3.417354bf058c4b45dd0f942959a20434.jpeg?odnHeight=580&amp;odnWidth=580&amp;odnBg=FFFFFF 2x" width=""/></div></div><div class="mt5 mb1" data-testid="variant-5FLZHLC6K7DV" style="height: 24px;"></div></div><div class=""><div class="flex flex-wrap justify-start items-center lh-title mb2 mb1-m"><div aria-hidden="true" class="normal gray f5 mr1 mr2-xl lh-copy f4-l">$2.24</div><span class="w_AM">current price $2.24</span><div class="f7 f6-l gray mr1">12.4 ¢/oz</div></div><span class="w_AJ" style="-webkit-line-clamp: 3; padding-bottom: 0em; margin-bottom: 0em;"><span class="f6 f5-l normal dark-gray mb0 mt1 lh-title">Great Value Bite Tortilla Chips Party Size, 18 oz</span></span><div class="mt2 flex items-center"><span class="black inline-flex mr1"><i aria-hidden="true" class="ld ld-StarFill" style="font-size: 12px; vertical-align: -0.175em;"></i><i aria-hidden="true" class="ld ld-StarFill" style="font-size: 12px; vertical-align: -0.175em;"></i><i aria-hidden="true" class="ld ld-StarFill" style="font-size: 12px; vertical-align: -0.175em;"></i><i aria-hidden="true" class="ld ld-StarFill" style="font-size: 12px; vertical-align: -0.175em;"></i><i aria-hidden="true" class="ld ld-StarHalf" style="font-size: 12px; vertical-align: -0.175em;"></i></span><span aria-hidden="true" class="sans-serif gray f7">249</span><span class="w_AM">4.4 out of 5 Stars. 249 reviews</span></div><div class="sans-serif gray f7 f6-l pb2 mt3">Out of stock</div></div></div></div><div class="pt2-l"><button aria-expanded="false" aria-label="Shop similar - Great Value Bite Tortilla Chips Party Size, 18 oz" class="pa0 self-start db b--none bg-white f6 sans-serif underline" type="button">Shop similar</button></div></div></div><div class="mb1 ph1 pa0-xl bb b--near-white w-25 pb1-xl"><div class="h-100 pb1-xl pr4-xl pv1 ph1"><div class="sans-serif mid-gray relative flex flex-column w-100" data-item-id="1WK9JGGOY6VK"><a class="absolute w-100 h-100 z-1" href="/ip/Lay-s-Potato-Chips-Lightly-Salted-Classic-Flavor-7-75-oz-Bag/33282308" link-identifier="33282308"><span class="w_AM">Lay's Potato Chips, Lightly Salted Classic Flavor, 7.75 oz Bag </span></a><div class="" data-testid="list-view"><div class=""><div class="h2 relative mb2"></div><div class="relative"><div class="relative overflow-hidden" style="max-width: 290px; height: 0px; padding-bottom: min(290px, 100%); align-self: center; width: min(290px, 100%);"><img alt="" class="absolute top-0 left-0" data-testid="productTileImage" height="" loading="lazy" src="https://i5.walmartimages.com/asr/22e70617-f920-497f-904e-47d5ddbc447f.b7d2e948b4b0601e6cddb3cb55c2b413.jpeg?odnHeight=580&amp;odnWidth=580&amp;odnBg=FFFFFF" srcset="https://i5.walmartimages.com/asr/22e70617-f920-497f-904e-47d5ddbc447f.b7d2e948b4b0601e6cddb3cb55c2b413.jpeg?odnHeight=290&amp;odnWidth=290&amp;odnBg=FFFFFF 1x, https://i5.walmartimages.com/asr/22e70617-f920-497f-904e-47d5ddbc447f.b7d2e948b4b0601e6cddb3cb55c2b413.jpeg?odnHeight=580&amp;odnWidth=580&amp;odnBg=FFFFFF 2x" width=""/></div></div><div class="mt5 mb1" data-testid="variant-1WK9JGGOY6VK" style="height: 24px;"></div></div><div class=""><div class="flex flex-wrap justify-start items-center lh-title mb2 mb1-m"><div aria-hidden="true" class="normal gray f5 mr1 mr2-xl lh-copy f4-l">$2.50</div><span class="w_AM">current price $2.50</span><div class="f7 f6-l gray mr1">32.3 ¢/oz</div></div><span class="w_AJ" style="-webkit-line-clamp: 3; padding-bottom: 0em; margin-bottom: 0em;"><span class="f6 f5-l normal dark-gray mb0 mt1 lh-title">Lay's Potato Chips, Lightly Salted Classic Flavor, 7.75 oz Bag</span></span><div class="mt2 flex items-center"><span class="black inline-flex mr1"><i aria-hidden="true" class="ld ld-StarFill" style="font-size: 12px; vertical-align: -0.175em;"></i><i aria-hidden="true" class="ld ld-StarFill" style="font-size: 12px; vertical-align: -0.175em;"></i><i aria-hidden="true" class="ld ld-StarFill" style="font-size: 12px; vertical-align: -0.175em;"></i><i aria-hidden="true" class="ld ld-StarFill" style="font-size: 12px; vertical-align: -0.175em;"></i><i aria-hidden="true" class="ld ld-StarHalf" style="font-size: 12px; vertical-align: -0.175em;"></i></span><span aria-hidden="true" class="sans-serif gray f7">602</span><span class="w_AM">4.7 out of 5 Stars. 602 reviews</span></div><div class="sans-serif gray f7 f6-l pb2 mt3">Out of stock</div></div></div></div><div class="pt2-l"><button aria-expanded="false" aria-label="Shop similar - Lay's Potato Chips, Lightly Salted Classic Flavor, 7.75 oz Bag" class="pa0 self-start db b--none bg-white f6 sans-serif underline" type="button">Shop similar</button></div></div></div><div class="mb1 ph1 pa0-xl bb b--near-white w-25 pb1-xl"><div class="h-100 pb1-xl pr4-xl pv1 ph1"><div class="sans-serif mid-gray relative flex flex-column w-100" data-item-id="4WH1J7MWN0CN"><a class="absolute w-100 h-100 z-1" href="/ip/Great-Value-Kettle-Cooked-Jalapeno-Flavored-Potato-Chips-8-oz/589274253" link-identifier="589274253"><span class="w_AM">Great Value Kettle Cooked Jalapeno Flavored Potato Chips, 8 oz </span></a><div class="" data-testid="list-view"><div class=""><div class="h2 relative mb2"></div><div class="relative"><div class="relative overflow-hidden" style="max-width: 290px; height: 0px; padding-bottom: min(290px, 100%); align-self: center; width: min(290px, 100%);"><img alt="" class="absolute top-0 left-0" data-testid="productTileImage" height="" loading="lazy" src="https://i5.walmartimages.com/asr/fa8a2857-42de-4afb-b19f-04fb9e82b53d_2.c5f40c85b8faa5770be1b02c77f18897.jpeg?odnHeight=580&amp;odnWidth=580&amp;odnBg=FFFFFF" srcset="https://i5.walmartimages.com/asr/fa8a2857-42de-4afb-b19f-04fb9e82b53d_2.c5f40c85b8faa5770be1b02c77f18897.jpeg?odnHeight=290&amp;odnWidth=290&amp;odnBg=FFFFFF 1x, https://i5.walmartimages.com/asr/fa8a2857-42de-4afb-b19f-04fb9e82b53d_2.c5f40c85b8faa5770be1b02c77f18897.jpeg?odnHeight=580&amp;odnWidth=580&amp;odnBg=FFFFFF 2x" width=""/></div></div><div class="mt5 mb1" data-testid="variant-4WH1J7MWN0CN" style="height: 24px;"></div></div><div class=""><div class="flex flex-wrap justify-start items-center lh-title mb2 mb1-m"><div aria-hidden="true" class="normal gray f5 mr1 mr2-xl lh-copy f4-l">$1.66</div><span class="w_AM">current price $1.66</span><div class="f7 f6-l gray mr1">20.8 ¢/oz</div></div><span class="w_AJ" style="-webkit-line-clamp: 3; padding-bottom: 0em; margin-bottom: 0em;"><span class="f6 f5-l normal dark-gray mb0 mt1 lh-title">Great Value Kettle Cooked Jalapeno Flavored Potato Chips, 8 oz</span></span><div class="mt2 flex items-center"><span class="black inline-flex mr1"><i aria-hidden="true" class="ld ld-StarFill" style="font-size: 12px; vertical-align: -0.175em;"></i><i aria-hidden="true" class="ld ld-StarFill" style="font-size: 12px; vertical-align: -0.175em;"></i><i aria-hidden="true" class="ld ld-StarFill" style="font-size: 12px; vertical-align: -0.175em;"></i><i aria-hidden="true" class="ld ld-StarFill" style="font-size: 12px; vertical-align: -0.175em;"></i><i aria-hidden="true" class="ld ld-StarHalf" style="font-size: 12px; vertical-align: -0.175em;"></i></span><span aria-hidden="true" class="sans-serif gray f7">40</span><span class="w_AM">4.4 out of 5 Stars. 40 reviews</span></div><div class="sans-serif gray f7 f6-l pb2 mt3">Out of stock</div></div></div></div><div class="pt2-l"><button aria-expanded="false" aria-label="Shop similar - Great Value Kettle Cooked Jalapeno Flavored Potato Chips, 8 oz" class="pa0 self-start db b--none bg-white f6 sans-serif underline" type="button">Shop similar</button></div></div></div><div class="mb1 ph1 pa0-xl bb b--near-white w-25 pb1-xl"><div class="h-100 pb1-xl pr4-xl pv1 ph1"><div class="sans-serif mid-gray relative flex flex-column w-100" data-item-id="6XV9GUWZFMTJ"><a class="absolute w-100 h-100 z-1" href="/ip/Great-Value-Wavy-Lightly-Salted-Original-Potato-Chips-7-5-oz/264372175" link-identifier="264372175"><span class="w_AM">Great Value Wavy Lightly Salted Original Potato Chips, 7.5 oz </span></a><div class="" data-testid="list-view"><div class=""><div class="h2 relative mb2"></div><div class="relative"><div class="relative overflow-hidden" style="max-width: 290px; height: 0px; padding-bottom: min(290px, 100%); align-self: center; width: min(290px, 100%);"><img alt="" class="absolute top-0 left-0" data-testid="productTileImage" height="" loading="lazy" src="https://i5.walmartimages.com/asr/7ab5f55d-42da-4063-9aa2-25e1c3ce7e92_1.6640e4995a7d4e5ae2b1e40fc34ed4b2.jpeg?odnHeight=580&amp;odnWidth=580&amp;odnBg=FFFFFF" srcset="https://i5.walmartimages.com/asr/7ab5f55d-42da-4063-9aa2-25e1c3ce7e92_1.6640e4995a7d4e5ae2b1e40fc34ed4b2.jpeg?odnHeight=290&amp;odnWidth=290&amp;odnBg=FFFFFF 1x, https://i5.walmartimages.com/asr/7ab5f55d-42da-4063-9aa2-25e1c3ce7e92_1.6640e4995a7d4e5ae2b1e40fc34ed4b2.jpeg?odnHeight=580&amp;odnWidth=580&amp;odnBg=FFFFFF 2x" width=""/></div></div><div class="mt5 mb1" data-testid="variant-6XV9GUWZFMTJ" style="height: 24px;"></div></div><div class=""><div class="flex flex-wrap justify-start items-center lh-title mb2 mb1-m"><div aria-hidden="true" class="normal gray f5 mr1 mr2-xl lh-copy f4-l">$1.54</div><span class="w_AM">current price $1.54</span><div class="f7 f6-l gray mr1">20.5 ¢/oz</div></div><span class="w_AJ" style="-webkit-line-clamp: 3; padding-bottom: 0em; margin-bottom: 0em;"><span class="f6 f5-l normal dark-gray mb0 mt1 lh-title">Great Value Wavy Lightly Salted Original Potato Chips, 7.5 oz</span></span><div class="mt2 flex items-center"><span class="black inline-flex mr1"><i aria-hidden="true" class="ld ld-StarFill" style="font-size: 12px; vertical-align: -0.175em;"></i><i aria-hidden="true" class="ld ld-StarFill" style="font-size: 12px; vertical-align: -0.175em;"></i><i aria-hidden="true" class="ld ld-StarFill" style="font-size: 12px; vertical-align: -0.175em;"></i><i aria-hidden="true" class="ld ld-StarHalf" style="font-size: 12px; vertical-align: -0.175em;"></i><i aria-hidden="true" class="ld ld-Star" style="font-size: 12px; vertical-align: -0.175em;"></i></span><span aria-hidden="true" class="sans-serif gray f7">51</span><span class="w_AM">3.7 out of 5 Stars. 51 reviews</span></div><div class="sans-serif gray f7 f6-l pb2 mt3">Out of stock</div></div></div></div><div class="pt2-l"><button aria-expanded="false" aria-label="Shop similar - Great Value Wavy Lightly Salted Original Potato Chips, 7.5 oz" class="pa0 self-start db b--none bg-white f6 sans-serif underline" type="button">Shop similar</button></div></div></div><div class="mb1 ph1 pa0-xl bb b--near-white w-25 pb1-xl"><div class="h-100 pb1-xl pr4-xl pv1 ph1"><div class="sans-serif mid-gray relative flex flex-column w-100" data-item-id="1UGAP3Q3WI0G"><a class="absolute w-100 h-100 z-1" href="/ip/Great-Value-Thin-Crispy-Cantina-Style-Tortilla-Chips-13-oz/835593418" link-identifier="835593418"><span class="w_AM">Great Value Thin &amp; Crispy Cantina Style Tortilla Chips, 13 oz </span></a><div class="" data-testid="list-view"><div class=""><div class="h2 relative mb2"></div><div class="relative"><div class="relative overflow-hidden" style="max-width: 290px; height: 0px; padding-bottom: min(290px, 100%); align-self: center; width: min(290px, 100%);"><img alt="" class="absolute top-0 left-0" data-testid="productTileImage" height="" loading="lazy" src="https://i5.walmartimages.com/asr/86fddbef-ee35-411d-9008-7915cf92dab5_1.2ee94fe96bbfccbf417763317e41f453.jpeg?odnHeight=580&amp;odnWidth=580&amp;odnBg=FFFFFF" srcset="https://i5.walmartimages.com/asr/86fddbef-ee35-411d-9008-7915cf92dab5_1.2ee94fe96bbfccbf417763317e41f453.jpeg?odnHeight=290&amp;odnWidth=290&amp;odnBg=FFFFFF 1x, https://i5.walmartimages.com/asr/86fddbef-ee35-411d-9008-7915cf92dab5_1.2ee94fe96bbfccbf417763317e41f453.jpeg?odnHeight=580&amp;odnWidth=580&amp;odnBg=FFFFFF 2x" width=""/></div></div><div class="mt5 mb1" data-testid="variant-1UGAP3Q3WI0G" style="height: 24px;"></div></div><div class=""><div class="flex flex-wrap justify-start items-center lh-title mb2 mb1-m"><div aria-hidden="true" class="normal gray f5 mr1 mr2-xl lh-copy f4-l">$1.74</div><span class="w_AM">current price $1.74</span><div class="f7 f6-l gray mr1">13.4 ¢/oz</div></div><span class="w_AJ" style="-webkit-line-clamp: 3; padding-bottom: 0em; margin-bottom: 0em;"><span class="f6 f5-l normal dark-gray mb0 mt1 lh-title">Great Value Thin &amp; Crispy Cantina Style Tortilla Chips, 13 oz</span></span><div class="mt2 flex items-center"><span class="black inline-flex mr1"><i aria-hidden="true" class="ld ld-StarFill" style="font-size: 12px; vertical-align: -0.175em;"></i><i aria-hidden="true" class="ld ld-StarFill" style="font-size: 12px; vertical-align: -0.175em;"></i><i aria-hidden="true" class="ld ld-StarFill" style="font-size: 12px; vertical-align: -0.175em;"></i><i aria-hidden="true" class="ld ld-StarFill" style="font-size: 12px; vertical-align: -0.175em;"></i><i aria-hidden="true" class="ld ld-Star" style="font-size: 12px; vertical-align: -0.175em;"></i></span><span aria-hidden="true" class="sans-serif gray f7">97</span><span class="w_AM">3.8 out of 5 Stars. 97 reviews</span></div><div class="sans-serif gray f7 f6-l pb2 mt3">Out of stock</div></div></div></div><div class="pt2-l"><button aria-expanded="false" aria-label="Shop similar - Great Value Thin &amp; Crispy Cantina Style Tortilla Chips, 13 oz" class="pa0 self-start db b--none bg-white f6 sans-serif underline" type="button">Shop similar</button></div></div></div><div class="mb1 ph1 pa0-xl bb b--near-white w-25 pb1-xl"><div class="h-100 pb1-xl pr4-xl pv1 ph1"><div class="sans-serif mid-gray relative flex flex-column w-100" data-item-id="6F8GAKXAG881"><a class="absolute w-100 h-100 z-1" href="/ip/Cheetos-Crunchy-Flamin-Hot-Limon-Cheese-Snacks-8-5-oz/49909691" link-identifier="49909691"><span class="w_AM">Cheetos Crunchy Flamin Hot Limon Cheese Snacks, 8.5 oz </span></a><div class="" data-testid="list-view"><div class=""><div class="h2 relative mb2"></div><div class="relative"><div class="relative overflow-hidden" style="max-width: 290px; height: 0px; padding-bottom: min(290px, 100%); align-self: center; width: min(290px, 100%);"><img alt="" class="absolute top-0 left-0" data-testid="productTileImage" height="" loading="lazy" src="https://i5.walmartimages.com/asr/5492e1d0-3df8-435c-9ae5-ee3d20e3293e.909fb95808cdcacc351272447d5aca43.jpeg?odnHeight=580&amp;odnWidth=580&amp;odnBg=FFFFFF" srcset="https://i5.walmartimages.com/asr/5492e1d0-3df8-435c-9ae5-ee3d20e3293e.909fb95808cdcacc351272447d5aca43.jpeg?odnHeight=290&amp;odnWidth=290&amp;odnBg=FFFFFF 1x, https://i5.walmartimages.com/asr/5492e1d0-3df8-435c-9ae5-ee3d20e3293e.909fb95808cdcacc351272447d5aca43.jpeg?odnHeight=580&amp;odnWidth=580&amp;odnBg=FFFFFF 2x" width=""/></div></div><div class="mt5 mb1" data-testid="variant-6F8GAKXAG881" style="height: 24px;"></div></div><div class=""><div class="flex flex-wrap justify-start items-center lh-title mb2 mb1-m"><div aria-hidden="true" class="normal gray f5 mr1 mr2-xl lh-copy f4-l">$3.48</div><span class="w_AM">current price $3.48</span><div class="f7 f6-l gray mr1">40.9 ¢/oz</div></div><span class="w_AJ" style="-webkit-line-clamp: 3; padding-bottom: 0em; margin-bottom: 0em;"><span class="f6 f5-l normal dark-gray mb0 mt1 lh-title">Cheetos Crunchy Flamin Hot Limon Cheese Snacks, 8.5 oz</span></span><div class="mt2 flex items-center"><span class="black inline-flex mr1"><i aria-hidden="true" class="ld ld-StarFill" style="font-size: 12px; vertical-align: -0.175em;"></i><i aria-hidden="true" class="ld ld-StarFill" style="font-size: 12px; vertical-align: -0.175em;"></i><i aria-hidden="true" class="ld ld-StarFill" style="font-size: 12px; vertical-align: -0.175em;"></i><i aria-hidden="true" class="ld ld-StarFill" style="font-size: 12px; vertical-align: -0.175em;"></i><i aria-hidden="true" class="ld ld-StarHalf" style="font-size: 12px; vertical-align: -0.175em;"></i></span><span aria-hidden="true" class="sans-serif gray f7">149</span><span class="w_AM">4.7 out of 5 Stars. 149 reviews</span></div><div class="sans-serif gray f7 f6-l pb2 mt3">Out of stock</div></div></div></div><div class="pt2-l"><button aria-expanded="false" aria-label="Shop similar - Cheetos Crunchy Flamin Hot Limon Cheese Snacks, 8.5 oz" class="pa0 self-start db b--none bg-white f6 sans-serif underline" type="button">Shop similar</button></div></div></div></div></section></div><nav aria-label="pagination" class="mt6 mb5"><ul class="list flex items-center justify-center pa0"><li aria-hidden="false"><a aria-label="Previous Page" class="sans-serif ph1 pv2 w4 h4 border-box bg-white br-100 b--solid ba mh2-m db tc no-underline b--light-gray" data-testid="PreviousPage" href="/browse/food/chips/976759_976787_1001390?affinityOverride=default" link-identifier="Generic Name"><i class="ld ld-ChevronLeft pv1 blue" style="font-size: 1.5rem; vertical-align: -0.25em;"></i></a></li><li><a aria-label="Go to Page 1" class="sans-serif ph1 pv2 w4 h4 lh-copy border-box br-100 b--solid mh2-m db tc no-underline black bg-white b--white-90" href="/browse/food/chips/976759_976787_1001390?affinityOverride=default" link-identifier="Generic Name">1</a></li><li><a aria-current="page" class="sans-serif ph1 pv2 w4 h4 lh-copy border-box br-100 b--solid mh2-m db tc no-underline black bg-white b b--blue" href="/browse/food/chips/976759_976787_1001390?page=2&amp;affinityOverride=default" link-identifier="Generic Name">2</a></li><li><a aria-label="Go to Page 3" class="sans-serif ph1 pv2 w4 h4 lh-copy border-box br-100 b--solid mh2-m db tc no-underline black bg-white b--white-90" href="/browse/food/chips/976759_976787_1001390?page=3&amp;affinityOverride=default" link-identifier="Generic Name">3</a></li><li><a aria-label="Go to Page 4" class="sans-serif ph1 pv2 w4 h4 lh-copy border-box br-100 b--solid mh2-m db tc no-underline black bg-white b--white-90" href="/browse/food/chips/976759_976787_1001390?page=4&amp;affinityOverride=default" link-identifier="Generic Name">4</a></li><li><div class="sans-serif pa1 lh-copy border-box bg-white">...</div></li><li><a aria-label="Go to Page 25" class="sans-serif ph1 pv2 w4 h4 lh-copy border-box br-100 b--solid mh2-m db tc no-underline black bg-white b--white-90" href="/browse/food/chips/976759_976787_1001390?page=25&amp;affinityOverride=default" link-identifier="Generic Name">25</a></li><li><a aria-label="Next Page" class="sans-serif ph1 pv2 w4 h4 border-box bg-white br-100 b--solid ba mh2-m db tc no-underline b--light-gray" data-testid="NextPage" href="/browse/food/chips/976759_976787_1001390?page=3&amp;affinityOverride=default" link-identifier="Generic Name"><i class="ld ld-ChevronRight pv1 blue" style="font-size: 1.5rem; vertical-align: -0.25em;"></i></a></li></ul></nav></div></div><div class="w_CF pa0" id="BROWSE-MarqueeDisplayAd-marquee2"></div> <div class="pt3"><div class="w_CF pa0" id="BROWSE-SponsoredProductCarousel-bottom"></div></div> <!-- --> <!-- --><div class="ph3 mb6 center"><section><h2 class="w_G f5 lh-title mb3" style="margin-top: 32px;">Popular in Chips – Walmart.com</h2><ul class="flex flex-wrap flex-grow-0 flex-shrink-0 list ma0 pa0"><li class="mr3 mb2"><a class="mid-gray f7 no-underline dib" href="/c/kp/rippled-chips" link-identifier="Rippled Chips">Rippled Chips</a></li><li class="mr3 mb2"><a class="mid-gray f7 no-underline dib" href="/c/kp/voodoo-chip" link-identifier="Voodoo Chip">Voodoo Chip</a></li><li class="mr3 mb2"><a class="mid-gray f7 no-underline dib" href="/c/kp/churritos-snacks" link-identifier="Churritos Snacks">Churritos Snacks</a></li><li class="mr3 mb2"><a class="mid-gray f7 no-underline dib" href="/c/kp/buffalo-chips" link-identifier="Buffalo Chips">Buffalo Chips</a></li><li class="mr3 mb2"><a class="mid-gray f7 no-underline dib" href="/c/kp/granite-chips" link-identifier="Granite Chips">Granite Chips</a></li><li class="mr3 mb2"><a class="mid-gray f7 no-underline dib" href="/c/kp/con-chip" link-identifier="Con Chip">Con Chip</a></li><li class="mr3 mb2"><a class="mid-gray f7 no-underline dib" href="/c/kp/scoops-chip" link-identifier="Scoops Chip">Scoops Chip</a></li><li class="mr3 mb2"><a class="mid-gray f7 no-underline dib" href="/c/kp/hamburger-chips" link-identifier="Hamburger Chips">Hamburger Chips</a></li><li class="mr3 mb2"><a class="mid-gray f7 no-underline dib" href="/c/kp/hip-chips" link-identifier="Hip Chips">Hip Chips</a></li><li class="mr3 mb2"><a class="mid-gray f7 no-underline dib" href="/c/brand/donkey-chips" link-identifier="Brand: Donkey Chips">Brand: Donkey Chips</a></li><li class="mr3 mb2"><a class="mid-gray f7 no-underline dib" href="/c/kp/hawaiian-chips" link-identifier="Hawaiian Chips">Hawaiian Chips</a></li><li class="mr3 mb2"><a class="mid-gray f7 no-underline dib" href="/c/kp/crab-chip" link-identifier="Crab Chip">Crab Chip</a></li></ul></section></div><hr aria-hidden="true" class="w_Ah"/> </div></div></div></div></main></div></div><span><footer class="bg-washed-blue pt5 lh-copy relative z-0"><div class="mb5 pv1 tc"><p class="f5 mt0">We’d love to hear what you think!</p><button class="w_6 w_9 w_AD" type="button">Give feedback</button></div><div class="bg-dark-blue pv4"><ul class="center flex flex-wrap justify-center list ma0 ph4 pb4 pt3 mw1280"><li><a class="no-underline pointer f6 white mr4" href="/all-departments" link-identifier="All Departments">All Departments</a></li><li><a aria-label="Store Directory - opens in a new window" class="no-underline pointer f6 white mr4" href="/store/directory" link-identifier="Store Directory" rel="noopener noreferrer" target="_blank">Store Directory</a></li><li><a aria-label="Careers - opens in a new window" class="no-underline pointer f6 white mr4" href="https://careers.walmart.com/" link-identifier="Careers" rel="noopener noreferrer" target="_blank">Careers</a></li><li><a aria-label="Our Company - opens in a new window" class="no-underline pointer f6 white mr4" href="https://corporate.walmart.com/" link-identifier="Our Company" rel="noopener noreferrer" target="_blank">Our Company</a></li><li><a aria-label="Sell on Walmart.com - opens in a new window" class="no-underline pointer f6 white mr4" href="https://marketplace.walmart.com/?utm_source=Walmart.com&amp;utm_medium=link&amp;utm_campaign=footer" link-identifier="Sell on Walmart.com" rel="noopener noreferrer" target="_blank">Sell on Walmart.com</a></li><li><a class="no-underline pointer f6 white mr4" href="/help" link-identifier="Help">Help</a></li><li><a class="no-underline pointer f6 white mr4" href="https://www.walmart.com/cp/flu-shots-immunizations/1228302" link-identifier="COVID-19 Vaccine Scheduler">COVID-19 Vaccine Scheduler</a></li><li><a aria-label="Product Recalls - opens in a new window" class="no-underline pointer f6 white mr4" href="https://corporate.walmart.com/recalls" link-identifier="Product Recalls" rel="noopener noreferrer" target="_blank">Product Recalls</a></li><li><a aria-label="Accessibility - opens in a new window" class="no-underline pointer f6 white mr4" href="https://www.walmart.com/help/article/responsible-disclosure-and-accessibility-policies/0f173dab8bd942da84b1cd7ab5ffc3cb" link-identifier="Accessibility" rel="noopener noreferrer" target="_blank">Accessibility</a></li><li><a aria-label="Tax Exempt Program - opens in a new window" class="no-underline pointer f6 white mr4" href="https://www.walmart.com/taxexempt/" link-identifier="Tax Exempt Program" rel="noopener noreferrer" target="_blank">Tax Exempt Program</a></li><li><a class="no-underline pointer f6 white mr4" href="https://walmart.onelink.me/UIev?pid=walmart.com&amp;af_web_dp=https%3A%2F%2Fwww.walmart.com%2Fcp%2Fwalmart-mobile-app%2F1087865&amp;c=Walmart.com%20Site%20Footer&amp;af_dp=walmart%3A%2F%2F" link-identifier="Get the Walmart App">Get the Walmart App</a></li><li><a class="no-underline pointer f6 white mr4" href="https://www.walmart.com/account/communications-and-privacy?section=marketingemails" link-identifier="Sign-up for Email">Sign-up for Email</a></li><li><a class="no-underline pointer f6 white mr4" href="/help/article/walmart-com-terms-of-use/3b75080af40340d6bbd596f116fae5a0" link-identifier="Terms of Use">Terms of Use</a></li><li><a aria-label="Privacy &amp; Security - opens in a new window" class="no-underline pointer f6 white mr4" href="https://corporate.walmart.com/privacy-security" link-identifier="Privacy &amp; Security" rel="noopener noreferrer" target="_blank">Privacy &amp; Security</a></li><li><a aria-label="CA Privacy Rights - opens in a new window" class="no-underline pointer f6 white mr4" href="https://corporate.walmart.com/privacy-security/california-privacy-rights" link-identifier="CA Privacy Rights" rel="noopener noreferrer" target="_blank">CA Privacy Rights</a></li><li><a aria-label="California Supply Chain Act - opens in a new window" class="no-underline pointer f6 white mr4" href="https://corporate.walmart.com/california-transparency" link-identifier="California Supply Chain Act" rel="noopener noreferrer" target="_blank">California Supply Chain Act</a></li><li><a aria-label="Do Not Sell My Personal Information - opens in a new window" class="no-underline pointer f6 white mr4" href="https://www.walmart.com/account/api/ccpa-intake?native=false&amp;app=gm&amp;type=sod" link-identifier="Do Not Sell My Personal Information" rel="noopener noreferrer" target="_blank">Do Not Sell My Personal Information</a></li><li><a aria-label="Request My Personal Information - opens in a new window" class="no-underline pointer f6 white" href="https://www.walmart.com/account/api/ccpa-intake?native=false&amp;app=gm&amp;type=access" link-identifier="Request My Personal Information" rel="noopener noreferrer" target="_blank">Request My Personal Information</a></li></ul><div class="pt2 f7 lh-title tc white">© 2022 Walmart. All Rights Reserved.</div></div></footer></span></div></div></div><div aria-live="assertive"></div></div><script id="__NEXT_DATA__" nonce="EhOjbfoobDQh-YNV" type="application/json">{"props":{"pageProps":{"initialData":{"headers":{},"moduleDataByZone":{"topZone3":{"name":"Chips Browse - Search Banner - 4.19.22","version":1,"type":"SearchBanner","moduleId":"7d0ba89f-c206-4adc-9ffa-abbd3b2fff96","schedule":{"priority":0},"matchedTrigger":{"zone":"topZone3"},"configs":{"__typename":"TempoWM_GLASSWWWSearchBannerConfigs","moduleType":"LINK","viewConfig":{"title":"Stock up with variety pack chips","image":"https://i5.walmartimages.com/dfw/4ff9c6c9-9cf9/k2-_550d2574-4e92-419e-ae35-87264cb49ee2.v1.png","imageAlt":"Stock up with variety pack chips","displayName":"Variety Pack Chips","description":"Individually packaged chips and snacks to take on the go!","url":"/browse/food/variety-pack-chips/976759_976787_1001390_9634100?povid=1096070_976787_SearchBanner_VarietyPack_ChipsBrowse","urlAlt":"Shop Now","appStoreLink":null,"appStoreLinkAlt":null,"playStoreLink":null,"playStoreLinkAlt":null}}},"pillsTopZone":{"name":"Browse Pills Module","version":5,"type":"PillsModule","moduleId":"1b40507d-81e6-4a56-a1ac-186a21cbd058","schedule":{"priority":1},"matchedTrigger":{"zone":"pillsTopZone"},"configs":{"__typename":"TempoWM_GLASSWWWPillsModuleConfigs","moduleSource":"chipModule","pillsV2":[{"title":"Takis","url":"/browse/food/takis/976759_976787_1001390_9805889_8841615","image":null},{"title":"Doritos","url":"https://www.walmart.com/browse/food/doritos/976759_976787_1001390_4274370","image":null},{"title":"Pringles","url":"/browse/food/pringles/976759_976787_1001390_4402657_3654690","image":null},{"title":"Funyuns","url":"/browse/food/funyuns/976759_976787_1001390_9805889_1837733","image":null},{"title":"Ruffles","url":"/browse/food/ruffles/976759_976787_1001390_4402657_9174797","image":null},{"title":"Fritos","url":"/browse/food/fritos/976759_976787_1001390_9805889_8357039","image":null},{"title":"Potato Chips","url":"/browse/food/potato-chips/976759_976787_1001390_4402657","image":null},{"title":"Tortilla Chips","url":"/browse/food/tortilla-chips/976759_976787_1001390_4501185","image":null},{"title":"Sun Chips","url":"/browse/food/sun-chips/976759_976787_1001390_4084278_6046723","image":null},{"title":"Kettle Chips","url":"/browse/food/kettle-chips/976759_976787_1001390_2523039","image":null},{"title":"Pita Chips","url":"/browse/food/pita-chips-bagel-chips/976759_976787_1001390_8083609","image":null},{"title":"Lay's Potato Chips","url":"/browse/food/lays-potato-chips/976759_976787_1001390_5517955","image":null},{"title":"Cape Cod Chips","url":"/browse/food/cape-cod-chips/976759_976787_1001390_2523039_2937197","image":null},{"title":"Zapp's Chips","url":"/browse/food/zapps-chips/976759_976787_1001390_2523039_5487688","image":null},{"title":"Popped Chips","url":"/browse/food/popped-chips/976759_976787_1001390_4402657_9739086","image":null},{"title":"Veggie Chips","url":"/browse/food/veggie-chips-grain-chips/976759_976787_1001390_4084278","image":null},{"title":"Corn Chips","url":"/browse/food/corn-chips/976759_976787_1001390_9805889","image":null},{"title":"Terra Chips","url":"/browse/food/terra-chips/976759_976787_1001390_4084278_2308053","image":null},{"title":"Rye Chips","url":"/browse/food/rye-chips/976759_976787_1001390_2636409","image":null},{"title":"Utz Potato Chips","url":"/browse/food/utz-potato-chips/976759_976787_1001390_4402657_2212947","image":null},{"title":"Variety Pack Chips","url":"/browse/food/variety-pack-chips/976759_976787_1001390_9634100","image":null}]}},"bottomZone3":{"name":"Copy Block","version":5,"type":"CopyBlock","moduleId":"2ca07422-a364-4155-9173-79e615c57141","schedule":{"priority":1},"matchedTrigger":{"zone":"bottomZone3"},"configs":{"__typename":"TempoWM_GLASSWWWCopyBlockConfigs","copyBlock":{"cwc":null}}},"bottomZone1":{"name":"Marquee Display Ad BTF BP DWeb","version":2,"type":"MarqueeDisplayAd","moduleId":"17741b72-82a8-4fee-8de2-fd4f27679ab6","schedule":{"priority":0},"matchedTrigger":{"zone":"bottomZone1"},"configs":{"__typename":"TempoWM_GLASSWWWMarqueeDisplayAdConfigs","_rawConfigs":{"moduleLocation":"marquee2","lazy":"1000"},"ad":null}},"bottomZone4":{"name":"Popular In Browse Module","version":4,"type":"PopularInBrowse","moduleId":"98d4e7dd-30ed-40a9-aa39-4b57736dc239","schedule":{"priority":1},"matchedTrigger":{"zone":"bottomZone4"},"configs":{"__typename":"TempoWM_GLASSWWWPopularInBrowseConfigs","seoBrowseRelmData":{"relm":[{"id":"rippled-chips","name":"Rippled Chips","url":"/c/kp/rippled-chips"},{"id":"voodoo-chip","name":"Voodoo Chip","url":"/c/kp/voodoo-chip"},{"id":"churritos-snacks","name":"Churritos Snacks","url":"/c/kp/churritos-snacks"},{"id":"buffalo-chips","name":"Buffalo Chips","url":"/c/kp/buffalo-chips"},{"id":"granite-chips","name":"Granite Chips","url":"/c/kp/granite-chips"},{"id":"con-chip","name":"Con Chip","url":"/c/kp/con-chip"},{"id":"scoops-chip","name":"Scoops Chip","url":"/c/kp/scoops-chip"},{"id":"hamburger-chips","name":"Hamburger Chips","url":"/c/kp/hamburger-chips"},{"id":"hip-chips","name":"Hip Chips","url":"/c/kp/hip-chips"},{"id":"donkey-chips","name":"Brand: Donkey Chips","url":"/c/brand/donkey-chips"},{"id":"hawaiian-chips","name":"Hawaiian Chips","url":"/c/kp/hawaiian-chips"},{"id":"crab-chip","name":"Crab Chip","url":"/c/kp/crab-chip"}]}}},"topZone1":{"name":"Skyline Display Ad BP Dweb","version":2,"type":"SkylineDisplayAd","moduleId":"36887fe6-dad6-4b0d-8195-9c2ea6dbb444","schedule":{"priority":0},"matchedTrigger":{"zone":"topZone1"},"configs":{"__typename":"TempoWM_GLASSWWWSkylineDisplayAdConfigs","_rawConfigs":{"moduleLocation":"top","lazy":"400"},"ad":null}},"bottomZone2":{"name":"Sponsored Product Carousel BP","version":2,"type":"SponsoredProductCarousel","moduleId":"333badc5-42e1-4578-9275-d8e35f8032f1","schedule":{"priority":0},"matchedTrigger":{"zone":"bottomZone2"},"configs":{"__typename":"TempoWM_GLASSWWWSponsoredProductCarouselConfigs","_rawConfigs":{"title":"Sponsored Products","moduleLocation":"bottom","lazy":"500"}}}},"layoutContainerData":{"type":"container","flow":"vertical","content":[{"type":"container","flow":"vertical","content":{"type":"slot","id":"mainContentSlot","mapping":[{"type":"EXTERNAL","options":{"refId":"breadCrumb","tempoLabel":"breadCrumb","displayInTempo":true}},{"type":"ZONE","options":{"refId":"topZone1"}},{"type":"ZONE","options":{"refId":"topZone2"}},{"type":"ZONE","options":{"refId":"topZone3"}},{"type":"ZONE","options":{"refId":"pillsTopZone"}},{"type":"ZONE","options":{"refId":"topZone4"}},{"type":"ZONE","options":{"refId":"topZone5"}},{"type":"EXTERNAL","options":{"refId":"stacks1","tempoLabel":"Stacks Zone","displayInTempo":true}},{"type":"ZONE","options":{"refId":"bottomZone1"}},{"type":"ZONE","options":{"refId":"bottomZone2"}},{"type":"ZONE","options":{"refId":"bottomZone3"}},{"type":"ZONE","options":{"refId":"bottomZone4"}},{"type":"ZONE","options":{"refId":"bottomZone5"}}]}}]},"searchResult":{"title":"Results for \"Chips\"","aggregatedCount":9713,"breadCrumb":[{"id":"976759","name":"Food","url":"/cp/food/976759"},{"id":"976759_976787","name":"Snacks, Cookies \u0026 Chips","url":"/cp/snacks-cookies-chips/976787"},{"id":"976759_976787_1001390","name":"Chips","url":"/cp/chips/1001390"}],"shelfData":{"shelfName":"Food:Snacks, Cookies \u0026 Chips:Chips","shelfId":""},"debug":{"sisUrl":"http://preso-usgm-wcnp.prod.walmart.com/v1/search?query=\u0026facet=\u0026stores=3081\u0026cat_id=976759_976787_1001390\u0026sort=best_match\u0026page=2\u0026min_price=\u0026max_price=\u0026_be_shelf_id=\u0026ptss=\u0026trsp=\u0026prg=desktop\u0026stateOrProvinceCode=CA\u0026ps=40\u0026zipcode=95829\u0026module_search=\u0026inCatchment=true\u0026latitude=38.4744\u0026longitude=-121.3437\u0026extended_zipcode=95829\u0026addressId=\u0026hidden_facet=\u0026pickupStore=3081\u0026deliveryStore=3081\u0026translation=","adsUrl":"http://swag-wmt.prod.walmart.com/fs?prg=desktop\u0026query=\u0026cat_id=976759_976787_1001390\u0026_be_shelf_id=\u0026facet=\u0026page=2\u0026ps=10\u0026min_price=\u0026max_price=\u0026sort=best_match\u0026ptss=\u0026module_search=\u0026trsp=\u0026zipcode=95829\u0026stores=3081\u0026stateOrProvinceCode=CA\u0026latitude=38.4744\u0026longitude=-121.3437\u0026extended_zipcode=95829\u0026addressId=\u0026inCatchment=true\u0026pickupStore=3081\u0026deliveryStore=3081"},"itemStacks":[{"displayMessage":null,"meta":{"adsBeacon":{"adUuid":"69ccb08c-d4f2-4d10-8af1-ba230ead108a","moduleInfo":"{\"adUuid\":\"69ccb08c-d4f2-4d10-8af1-ba230ead108a\",\"facet\":false,\"intent\":false,\"sorting\":\"best_match\",\"bucketId\":\"2478\"}","max_ads":10},"query":"","stackId":0,"stackType":"DEFAULT","title":null,"layoutEnum":"GRID","totalItemCount":null,"totalItemCountDisplay":null,"viewAllParams":null},"itemsV2":null,"title":"","totalItemCountDisplay":"","count":0,"items":[{"__typename":"Product","availabilityStatusDisplayValue":"In stock","productLocationDisplayValue":"A20","externalInfoUrl":"","canonicalUrl":"/ip/Takis-Fuego-Rolled-Tortilla-Chips-Hot-Chili-Pepper-and-Lime-Artificially-Flavored-20-Ounce-Fiesta-Size-Bag/655094884","canAddToCart":true,"showOptions":false,"showBuyNow":false,"description":"","flag":"","badge":{"text":"","id":"","type":"","key":""},"fulfillmentBadges":["Pickup","Delivery","1-day shipping"],"fulfillmentIcon":{"key":"SAVE_WITH_W_PLUS","label":"Save with"},"fulfillmentBadge":"","fulfillmentSpeed":[],"fulfillmentType":"STORE","groupMetaData":{"groupType":null,"groupSubType":null,"numberOfComponents":0,"groupComponents":null},"id":"340CQEC17FR7","itemType":null,"usItemId":"655094884","image":"https://i5.walmartimages.com/asr/77fae496-d0a6-4289-8f33-2496553175d6.73408a2f420a364571a0a0104663be4e.jpeg?odnHeight=180\u0026odnWidth=180\u0026odnBg=FFFFFF","isOutOfStock":false,"esrb":"","mediaRating":"","name":"Takis Fuego Rolled Tortilla Chips, Hot Chili Pepper and Lime Artificially Flavored, 20 Ounce Fiesta Size Bag","price":4.47,"preOrder":{"isPreOrder":false,"preOrderMessage":null,"preOrderStreetDateMessage":null},"priceInfo":{"itemPrice":"","linePrice":"$4.47","wasPrice":"","unitPrice":"22.4 ¢/oz","shipPrice":"","minPrice":0,"minPriceForVariant":"","subscriptionPrice":"","subscriptionString":"","priceDisplayCondition":"","finalCostByWeight":false,"submapType":""},"rating":{"averageRating":4.6,"numberOfReviews":347},"salesUnit":"EACH","variantList":[],"isVariantTypeSwatch":false,"brand":null,"manufacturerName":null,"offerId":"90E64B948B8247F5B91C4200B2A5487E","fitmentLabel":"","isAtfMarker":false,"sellerId":"F55CDC31AB754BB68FE0B39041159D63","sellerName":"Walmart.com","hasSellerBadge":null,"seller":{"name":"Walmart.com","sellerId":"F55CDC31AB754BB68FE0B39041159D63"},"sponsoredProduct":{"spQs":"J5TYYnzQtuEdDTzlQp2ydbp7wzrxDKLQ3QfjOcdZJmiksLIKH8GdMHI51EBhDsz8HZBsqu8sn8Kj8rC9O1lhEfgqwf5yzfvBWMhhUeUGSZVQVjLR8lzM6X9fhE3U1ghLxbfNluOeRLwUg7rpbJCQCWppbkwJDmqFu74pzU2rSt0","clickBeacon":"https://wrd.walmart.com/track?rdf=0\u0026adUid=69ccb08c-d4f2-4d10-8af1-ba230ead108a\u0026plmt=__plmt__\u0026tax=976759_976787_1001390\u0026pltfm=desktop\u0026eventST=__eventST__\u0026pgId=976759_976787_1001390\u0026spQs=J5TYYnzQtuEdDTzlQp2ydbp7wzrxDKLQ3QfjOcdZJmiksLIKH8GdMHI51EBhDsz8HZBsqu8sn8Kj8rC9O1lhEfgqwf5yzfvBWMhhUeUGSZVQVjLR8lzM6X9fhE3U1ghLxbfNluOeRLwUg7rpbJCQCWppbkwJDmqFu74pzU2rSt0\u0026storeId=3081\u0026pt=browse\u0026pos=__pos__\u0026bt=__bt__\u0026mloc=sp-browse-middle\u0026bkt=2478","spTags":null},"checkStoreAvailabilityATC":false,"seeShippingEligibility":false,"rewards":null},{"__typename":"Product","availabilityStatusDisplayValue":"In stock","productLocationDisplayValue":null,"externalInfoUrl":"","canonicalUrl":"/ip/42-ct-Utz-Variety-Snack-Pack-Box/682488016","canAddToCart":true,"showOptions":false,"showBuyNow":false,"description":"","flag":"","badge":{"text":"","id":"","type":"","key":""},"fulfillmentBadges":["3+ day shipping"],"fulfillmentIcon":{"key":"SAVE_WITH_W_PLUS","label":"Save with"},"fulfillmentBadge":"","fulfillmentSpeed":[],"fulfillmentType":"FC","groupMetaData":{"groupType":null,"groupSubType":null,"numberOfComponents":0,"groupComponents":null},"id":"1OSH0FGY1KHL","itemType":null,"usItemId":"682488016","image":"https://i5.walmartimages.com/asr/c36da2d1-34ea-4d31-af36-f5199a1fe518.96e26bb59a5e348e6bea3f21dc952e9d.jpeg?odnHeight=180\u0026odnWidth=180\u0026odnBg=FFFFFF","isOutOfStock":false,"esrb":"","mediaRating":"","name":"42 ct Utz Variety Snack Pack Box","price":12.98,"preOrder":{"isPreOrder":false,"preOrderMessage":null,"preOrderStreetDateMessage":null},"priceInfo":{"itemPrice":"$14.99","linePrice":"$12.98","wasPrice":"$14.99","unitPrice":"30.9 ¢/oz","shipPrice":"","minPrice":0,"minPriceForVariant":"","subscriptionPrice":"","subscriptionString":"","priceDisplayCondition":"","finalCostByWeight":false,"submapType":""},"rating":{"averageRating":4.6,"numberOfReviews":1248},"salesUnit":"EACH","variantList":[],"isVariantTypeSwatch":false,"brand":null,"manufacturerName":null,"offerId":"371F1B646BF14AC69712EFE93BBAB4C5","fitmentLabel":"","isAtfMarker":false,"sellerId":"F55CDC31AB754BB68FE0B39041159D63","sellerName":"Walmart.com","hasSellerBadge":null,"seller":{"name":"Walmart.com","sellerId":"F55CDC31AB754BB68FE0B39041159D63"},"sponsoredProduct":{"spQs":"Hv3Fc5AgB6_eMxcGIfJqFDdN5qd6VZn_-2D3yiGlsv-61xMNBZyBb8S8NuwK9fdaDhbjOUU9oQPK2zVkQ7dZhp2jehuoOSm_PrK78qy2NfrGCNRjneReT0NPwkKsYpT9o2lEz4gaAmcmG4tuDuQgyy2y9MfpV-Znp0XyPtSSRLw","clickBeacon":"https://wrd.walmart.com/track?rdf=0\u0026adUid=69ccb08c-d4f2-4d10-8af1-ba230ead108a\u0026plmt=__plmt__\u0026tax=976759_976787_1001390\u0026pltfm=desktop\u0026eventST=__eventST__\u0026pgId=976759_976787_1001390\u0026spQs=Hv3Fc5AgB6_eMxcGIfJqFDdN5qd6VZn_-2D3yiGlsv-61xMNBZyBb8S8NuwK9fdaDhbjOUU9oQPK2zVkQ7dZhp2jehuoOSm_PrK78qy2NfrGCNRjneReT0NPwkKsYpT9o2lEz4gaAmcmG4tuDuQgyy2y9MfpV-Znp0XyPtSSRLw\u0026storeId=3081\u0026pt=browse\u0026pos=__pos__\u0026bt=__bt__\u0026mloc=sp-browse-middle\u0026bkt=2478","spTags":null},"checkStoreAvailabilityATC":false,"seeShippingEligibility":false,"rewards":null},{"__typename":"Product","availabilityStatusDisplayValue":"In stock","productLocationDisplayValue":"A24","externalInfoUrl":"","canonicalUrl":"/ip/Pringles-Potato-Crisps-Chips-Lunch-Snacks-On-The-Go-Snacks-Cheddar-Cheese-5-5-Oz-Can/246212997?athbdg=L1600","canAddToCart":false,"showOptions":true,"showBuyNow":false,"description":"","flag":"Best seller","badge":{"key":"BESTSELLER","text":"Best seller","type":"LABEL","id":"L1600"},"fulfillmentBadges":["Pickup","Delivery","3+ day shipping"],"fulfillmentIcon":{"key":"SAVE_WITH_W_PLUS","label":"Save with"},"fulfillmentBadge":"","fulfillmentSpeed":[],"fulfillmentType":"STORE","groupMetaData":{"groupType":null,"groupSubType":null,"numberOfComponents":0,"groupComponents":null},"id":"4GYCITJ6AUPD","itemType":null,"usItemId":"246212997","image":"https://i5.walmartimages.com/asr/80d667a6-62a9-4f00-a18e-bc55f85f3a12.ded73a4ce19550c129496b1b1f321807.jpeg?odnHeight=180\u0026odnWidth=180\u0026odnBg=FFFFFF","isOutOfStock":false,"esrb":"","mediaRating":"","name":"Pringles Potato Crisps Chips, Lunch Snacks, On The Go Snacks, Cheddar Cheese, 5.5 Oz, Can","price":0,"preOrder":{"isPreOrder":false,"preOrderMessage":null,"preOrderStreetDateMessage":null},"priceInfo":{"itemPrice":"$5.28","linePrice":"","wasPrice":"$5.28","unitPrice":"","shipPrice":"","minPrice":1.78,"minPriceForVariant":"From $1.78","subscriptionPrice":"","subscriptionString":"","priceDisplayCondition":"","finalCostByWeight":false,"submapType":""},"rating":{"averageRating":4.5,"numberOfReviews":301},"salesUnit":"EACH","variantList":[],"isVariantTypeSwatch":false,"brand":null,"manufacturerName":null,"offerId":"D271D53F21244137858104C2B3AFBF65","fitmentLabel":"","isAtfMarker":false,"sellerId":"F55CDC31AB754BB68FE0B39041159D63","sellerName":"Walmart.com","hasSellerBadge":null,"seller":{"name":"Walmart.com","sellerId":"F55CDC31AB754BB68FE0B39041159D63"},"sponsoredProduct":{"spQs":"AI8shvaisvnmtpreFmO-vyBPnWglNysfydMheH4jOIAwqxcOqK7r0iEihMVQEhyQJ17gu7x0gyes0xVJj08RuO4oO6-9AYcshF11EQYlZQ8N7t_R9bKIo19w7KOdOoqj7Rx-rNAOspmvRpb_Y4K5fAZVPnZQmfZgShctosW6RBE","clickBeacon":"https://wrd.walmart.com/track?rdf=0\u0026adUid=69ccb08c-d4f2-4d10-8af1-ba230ead108a\u0026plmt=__plmt__\u0026tax=976759_976787_1001390\u0026pltfm=desktop\u0026eventST=__eventST__\u0026pgId=976759_976787_1001390\u0026spQs=AI8shvaisvnmtpreFmO-vyBPnWglNysfydMheH4jOIAwqxcOqK7r0iEihMVQEhyQJ17gu7x0gyes0xVJj08RuO4oO6-9AYcshF11EQYlZQ8N7t_R9bKIo19w7KOdOoqj7Rx-rNAOspmvRpb_Y4K5fAZVPnZQmfZgShctosW6RBE\u0026storeId=3081\u0026pt=browse\u0026pos=__pos__\u0026bt=__bt__\u0026mloc=sp-browse-middle\u0026bkt=2478","spTags":null},"checkStoreAvailabilityATC":false,"seeShippingEligibility":false,"rewards":null},{"__typename":"Product","availabilityStatusDisplayValue":"In stock","productLocationDisplayValue":"A23","externalInfoUrl":"","canonicalUrl":"/ip/RITZ-Toasted-Chips-Original-Crackers-8-1-oz/458260771?athbdg=L1600","canAddToCart":false,"showOptions":true,"showBuyNow":false,"description":"","flag":"Best seller","badge":{"key":"BESTSELLER","text":"Best seller","type":"LABEL","id":"L1600"},"fulfillmentBadges":["Pickup","Delivery","1-day shipping"],"fulfillmentIcon":{"key":"SAVE_WITH_W_PLUS","label":"Save with"},"fulfillmentBadge":"","fulfillmentSpeed":[],"fulfillmentType":"STORE","groupMetaData":{"groupType":null,"groupSubType":null,"numberOfComponents":0,"groupComponents":null},"id":"23YEYA8L0P2W","itemType":null,"usItemId":"458260771","image":"https://i5.walmartimages.com/asr/502f8228-8ebd-4bb2-9ec2-e6e744f5fde0.d52fa05e7dbf44f19424ff5d68e13b25.jpeg?odnHeight=180\u0026odnWidth=180\u0026odnBg=FFFFFF","isOutOfStock":false,"esrb":"","mediaRating":"","name":"RITZ Toasted Chips Original Crackers, 8.1 oz","price":0,"preOrder":{"isPreOrder":false,"preOrderMessage":null,"preOrderStreetDateMessage":null},"priceInfo":{"itemPrice":"","linePrice":"","wasPrice":"","unitPrice":"","shipPrice":"","minPrice":3.28,"minPriceForVariant":"From $3.28","subscriptionPrice":"","subscriptionString":"","priceDisplayCondition":"","finalCostByWeight":false,"submapType":""},"rating":{"averageRating":4.4,"numberOfReviews":193},"salesUnit":"EACH","variantList":[],"isVariantTypeSwatch":false,"brand":null,"manufacturerName":null,"offerId":"A4D4515F1B3747339C0576F2D60E9F0B","fitmentLabel":"","isAtfMarker":false,"sellerId":"F55CDC31AB754BB68FE0B39041159D63","sellerName":"Walmart.com","hasSellerBadge":null,"seller":{"name":"Walmart.com","sellerId":"F55CDC31AB754BB68FE0B39041159D63"},"sponsoredProduct":{"spQs":"5amQk4KHRhk2g18AYyEuvmk6Hf2fkoCaSvgFzp19FuXicB3qkK_5JDl2QfuXyG2MiVkzC6qxez5shLQihRVpG-YRf3ASbi8WUiwdpZCsLEZNKYBvFr4Q5Iuf7fBLPOy9xJM_r4rApLm8Ya6ji2fJHL3DD6o3yjjIm3he9XidNh0","clickBeacon":"https://wrd.walmart.com/track?rdf=0\u0026adUid=69ccb08c-d4f2-4d10-8af1-ba230ead108a\u0026plmt=__plmt__\u0026tax=976759_976787_1001390\u0026pltfm=desktop\u0026eventST=__eventST__\u0026pgId=976759_976787_1001390\u0026spQs=5amQk4KHRhk2g18AYyEuvmk6Hf2fkoCaSvgFzp19FuXicB3qkK_5JDl2QfuXyG2MiVkzC6qxez5shLQihRVpG-YRf3ASbi8WUiwdpZCsLEZNKYBvFr4Q5Iuf7fBLPOy9xJM_r4rApLm8Ya6ji2fJHL3DD6o3yjjIm3he9XidNh0\u0026storeId=3081\u0026pt=browse\u0026pos=__pos__\u0026bt=__bt__\u0026mloc=sp-browse-middle\u0026bkt=2478","spTags":null},"checkStoreAvailabilityATC":false,"seeShippingEligibility":false,"rewards":null},{"__typename":"Product","availabilityStatusDisplayValue":"In stock","productLocationDisplayValue":null,"externalInfoUrl":"","canonicalUrl":"/ip/Doritos-Cool-Ranch-Flavored-Tortilla-Chips-Party-Size-14-5-oz-Bag/749407178?athbdg=L1600","canAddToCart":true,"showOptions":false,"showBuyNow":false,"description":"\u003cli\u003eDelicious Cool ranch flavor\u003c/li\u003e\u003cli\u003eFlavor on Another Level\u003c/li\u003e\u003cli\u003eParty size bag is perfect for sharing\u003c/li\u003e","flag":"Best seller","badge":{"key":"BESTSELLER","text":"Best seller","type":"LABEL","id":"L1600"},"fulfillmentBadges":["Pickup","Delivery","1-day shipping"],"fulfillmentIcon":{"key":"SAVE_WITH_W_PLUS","label":"Save with"},"fulfillmentBadge":"Today","fulfillmentSpeed":["TODAY"],"fulfillmentType":"STORE","groupMetaData":{"groupType":null,"groupSubType":null,"numberOfComponents":0,"groupComponents":null},"id":"7HGZCI1N0HZC","itemType":null,"usItemId":"749407178","image":"https://i5.walmartimages.com/asr/2254aee8-cde2-401a-b762-b48ecdd60bfd.b36f03fbba4a197de2cea8d7682a9ac4.jpeg?odnHeight=180\u0026odnWidth=180\u0026odnBg=ffffff","isOutOfStock":false,"esrb":"","mediaRating":"","name":"Doritos Cool Ranch Flavored Tortilla Chips, Party Size, 14.5 oz Bag","price":4.48,"preOrder":{"isPreOrder":false,"preOrderMessage":null,"preOrderStreetDateMessage":null},"priceInfo":{"itemPrice":"","linePrice":"$4.48","wasPrice":"","unitPrice":"30.9 ¢/oz","shipPrice":"","minPrice":0,"minPriceForVariant":"","subscriptionPrice":"","subscriptionString":"","priceDisplayCondition":"","finalCostByWeight":false,"submapType":""},"rating":{"averageRating":3.8,"numberOfReviews":104},"salesUnit":"EACH","variantList":[],"isVariantTypeSwatch":false,"brand":null,"manufacturerName":null,"offerId":"8D53E1BAB85E4E9BB90D2FEFA474BF5D","fitmentLabel":"","isAtfMarker":false,"sellerId":"F55CDC31AB754BB68FE0B39041159D63","sellerName":"Walmart.com","hasSellerBadge":null,"seller":{"name":"Walmart.com","sellerId":"F55CDC31AB754BB68FE0B39041159D63"},"sponsoredProduct":null,"checkStoreAvailabilityATC":false,"seeShippingEligibility":false,"rewards":null},{"__typename":"Product","availabilityStatusDisplayValue":"In stock","productLocationDisplayValue":null,"externalInfoUrl":"","canonicalUrl":"/ip/SunChips-Garden-Salsa-Flavored-Whole-Grain-Snacks-7-oz-Bag/31954394","canAddToCart":true,"showOptions":false,"showBuyNow":false,"description":"\u003cli\u003eDelicious garden salsa flavor\u003c/li\u003e\u003cli\u003e100% whole grain\u003c/li\u003e\u003cli\u003eHeart healthy\u003c/li\u003e\u003cli\u003eNo artificial flavors or preservatives\u003c/li\u003e","flag":"","badge":{"text":"","id":"","type":"","key":""},"fulfillmentBadges":["Pickup","Delivery","1-day shipping"],"fulfillmentIcon":{"key":"SAVE_WITH_W_PLUS","label":"Save with"},"fulfillmentBadge":"Today","fulfillmentSpeed":["TODAY"],"fulfillmentType":"STORE","groupMetaData":{"groupType":null,"groupSubType":null,"numberOfComponents":0,"groupComponents":null},"id":"6X6PJTSW9JZ7","itemType":null,"usItemId":"31954394","image":"https://i5.walmartimages.com/asr/a6174c36-ea83-4b05-b4d8-d9d63a43a720_1.b01d7a8f6a23879e81ee91a03582fd21.jpeg?odnHeight=180\u0026odnWidth=180\u0026odnBg=ffffff","isOutOfStock":false,"esrb":"","mediaRating":"","name":"SunChips Garden Salsa Flavored Whole Grain Snacks, 7 oz Bag","price":3.28,"preOrder":{"isPreOrder":false,"preOrderMessage":null,"preOrderStreetDateMessage":null},"priceInfo":{"itemPrice":"","linePrice":"$3.28","wasPrice":"","unitPrice":"46.9 ¢/oz","shipPrice":"","minPrice":0,"minPriceForVariant":"","subscriptionPrice":"","subscriptionString":"","priceDisplayCondition":"","finalCostByWeight":false,"submapType":""},"rating":{"averageRating":4.6,"numberOfReviews":366},"salesUnit":"EACH","variantList":[],"isVariantTypeSwatch":false,"brand":null,"manufacturerName":null,"offerId":"F0A0454215BE46B49FE9C65C4546503A","fitmentLabel":"","isAtfMarker":false,"sellerId":"F55CDC31AB754BB68FE0B39041159D63","sellerName":"Walmart.com","hasSellerBadge":null,"seller":{"name":"Walmart.com","sellerId":"F55CDC31AB754BB68FE0B39041159D63"},"sponsoredProduct":null,"checkStoreAvailabilityATC":false,"seeShippingEligibility":false,"rewards":null},{"__typename":"Product","availabilityStatusDisplayValue":"In stock","productLocationDisplayValue":null,"externalInfoUrl":"","canonicalUrl":"/ip/Lay-s-Potato-Chips-Honey-Barbecue-Flavor-7-75-oz-Bag/33469534","canAddToCart":true,"showOptions":false,"showBuyNow":false,"description":"\u003cli\u003eSweet honey barbecue flavor\u003c/li\u003e\u003cli\u003eLarge bag is perfect for sharing\u003c/li\u003e\u003cli\u003eA tasty snack for the whole family to enjoy\u003c/li\u003e\u003cli\u003ePackaging may vary\u003c/li\u003e","flag":"","badge":{"text":"","id":"","type":"","key":""},"fulfillmentBadges":["1-day shipping"],"fulfillmentIcon":{"key":"SAVE_WITH_W_PLUS","label":"Save with"},"fulfillmentBadge":"Tomorrow","fulfillmentSpeed":["TOMORROW"],"fulfillmentType":"FC","groupMetaData":{"groupType":null,"groupSubType":null,"numberOfComponents":0,"groupComponents":null},"id":"4LXOOE0Z7QW9","itemType":null,"usItemId":"33469534","image":"https://i5.walmartimages.com/asr/3f73d553-39bd-4b24-ae58-82aff3509345.acd35de844c73278c66f4d8404dbb63d.jpeg?odnHeight=180\u0026odnWidth=180\u0026odnBg=ffffff","isOutOfStock":false,"esrb":"","mediaRating":"","name":"Lay's Potato Chips, Honey Barbecue Flavor, 7.75 oz Bag","price":2.98,"preOrder":{"isPreOrder":false,"preOrderMessage":null,"preOrderStreetDateMessage":null},"priceInfo":{"itemPrice":"","linePrice":"$2.98","wasPrice":"","unitPrice":"38.5 ¢/oz","shipPrice":"","minPrice":0,"minPriceForVariant":"","subscriptionPrice":"","subscriptionString":"","priceDisplayCondition":"","finalCostByWeight":false,"submapType":""},"rating":{"averageRating":4.6,"numberOfReviews":389},"salesUnit":"EACH","variantList":[],"isVariantTypeSwatch":false,"brand":null,"manufacturerName":null,"offerId":"E874E4794F714AD889349B5448059D65","fitmentLabel":"","isAtfMarker":false,"sellerId":"F55CDC31AB754BB68FE0B39041159D63","sellerName":"Walmart.com","hasSellerBadge":null,"seller":{"name":"Walmart.com","sellerId":"F55CDC31AB754BB68FE0B39041159D63"},"sponsoredProduct":null,"checkStoreAvailabilityATC":false,"seeShippingEligibility":false,"rewards":null},{"__typename":"Product","availabilityStatusDisplayValue":"In stock","productLocationDisplayValue":null,"externalInfoUrl":"","canonicalUrl":"/ip/SunChips-Harvest-Cheddar-Flavored-Whole-Grain-Snacks-7-oz-Bag/32174172","canAddToCart":true,"showOptions":false,"showBuyNow":false,"description":"\u003cli\u003eMultigrain snacks flavored with cheddar cheese in a convenient take-home package\u003c/li\u003e\u003cli\u003e18g of whole grains per serving\u003c/li\u003e","flag":"","badge":{"text":"","id":"","type":"","key":""},"fulfillmentBadges":["Pickup","Delivery","1-day shipping"],"fulfillmentIcon":{"key":"SAVE_WITH_W_PLUS","label":"Save with"},"fulfillmentBadge":"Today","fulfillmentSpeed":["TODAY"],"fulfillmentType":"STORE","groupMetaData":{"groupType":null,"groupSubType":null,"numberOfComponents":0,"groupComponents":null},"id":"60A22XLF6DGP","itemType":null,"usItemId":"32174172","image":"https://i5.walmartimages.com/asr/f192cd28-ce49-420b-b5b5-d70037870e89_1.871a70f4ee4d37552b99a77c1a22fb23.jpeg?odnHeight=180\u0026odnWidth=180\u0026odnBg=ffffff","isOutOfStock":false,"esrb":"","mediaRating":"","name":"SunChips Harvest Cheddar Flavored Whole Grain Snacks, 7 oz. Bag","price":3.28,"preOrder":{"isPreOrder":false,"preOrderMessage":null,"preOrderStreetDateMessage":null},"priceInfo":{"itemPrice":"","linePrice":"$3.28","wasPrice":"","unitPrice":"46.9 ¢/oz","shipPrice":"","minPrice":0,"minPriceForVariant":"","subscriptionPrice":"","subscriptionString":"","priceDisplayCondition":"","finalCostByWeight":false,"submapType":""},"rating":{"averageRating":4.5,"numberOfReviews":339},"salesUnit":"EACH","variantList":[],"isVariantTypeSwatch":false,"brand":null,"manufacturerName":null,"offerId":"D17BEDE1A76D4C519C02881A0B4A6EE1","fitmentLabel":"","isAtfMarker":false,"sellerId":"F55CDC31AB754BB68FE0B39041159D63","sellerName":"Walmart.com","hasSellerBadge":null,"seller":{"name":"Walmart.com","sellerId":"F55CDC31AB754BB68FE0B39041159D63"},"sponsoredProduct":null,"checkStoreAvailabilityATC":false,"seeShippingEligibility":false,"rewards":null},{"__typename":"Product","availabilityStatusDisplayValue":"In stock","productLocationDisplayValue":null,"externalInfoUrl":"","canonicalUrl":"/ip/Pringles-Potato-Crisps-Chips-Lunch-Snacks-On-The-Go-Snacks-Lightly-Salted-5-2-Oz-Can/122155395?athbdg=L1600","canAddToCart":true,"showOptions":false,"showBuyNow":false,"description":"\u003cli\u003eIncludes 1, 5.2-ounce can of ready to eat potato crisps\u003c/li\u003e","flag":"Best seller","badge":{"key":"BESTSELLER","text":"Best seller","type":"LABEL","id":"L1600"},"fulfillmentBadges":["1-day shipping"],"fulfillmentIcon":{"key":"SAVE_WITH_W_PLUS","label":"Save with"},"fulfillmentBadge":"Tomorrow","fulfillmentSpeed":["TOMORROW"],"fulfillmentType":"FC","groupMetaData":{"groupType":null,"groupSubType":null,"numberOfComponents":0,"groupComponents":null},"id":"78LNEWO7EM3O","itemType":null,"usItemId":"122155395","image":"https://i5.walmartimages.com/asr/a1f2b7f3-4ec8-47de-8f0d-18316dc3d0a2.d400b717908c401a23d147071d371b1f.jpeg?odnHeight=180\u0026odnWidth=180\u0026odnBg=ffffff","isOutOfStock":false,"esrb":"","mediaRating":"","name":"Pringles Potato Crisps Chips, Lunch Snacks, On The Go Snacks, Lightly Salted, 5.2 Oz, Can","price":1.78,"preOrder":{"isPreOrder":false,"preOrderMessage":null,"preOrderStreetDateMessage":null},"priceInfo":{"itemPrice":"","linePrice":"$1.78","wasPrice":"","unitPrice":"34.2 ¢/oz","shipPrice":"","minPrice":0,"minPriceForVariant":"","subscriptionPrice":"","subscriptionString":"","priceDisplayCondition":"","finalCostByWeight":false,"submapType":""},"rating":{"averageRating":4.4,"numberOfReviews":176},"salesUnit":"EACH","variantList":[],"isVariantTypeSwatch":false,"brand":null,"manufacturerName":null,"offerId":"FEE3B4B8151749D1BAA52149B46EBBED","fitmentLabel":"","isAtfMarker":false,"sellerId":"F55CDC31AB754BB68FE0B39041159D63","sellerName":"Walmart.com","hasSellerBadge":null,"seller":{"name":"Walmart.com","sellerId":"F55CDC31AB754BB68FE0B39041159D63"},"sponsoredProduct":null,"checkStoreAvailabilityATC":false,"seeShippingEligibility":false,"rewards":null},{"__typename":"Product","availabilityStatusDisplayValue":"In stock","productLocationDisplayValue":null,"externalInfoUrl":"","canonicalUrl":"/ip/Cheetos-Crunchy-Flamin-Hot-Cheese-Flavored-Snacks-Party-Size-15-oz-Bag/765041057?athbdg=L1600","canAddToCart":true,"showOptions":false,"showBuyNow":false,"description":"\u003cli\u003eMade with real cheese\u003c/li\u003e\u003cli\u003eDelicious flamin' hot flavor\u003c/li\u003e\u003cli\u003eParty size bag is perfect for sharing\u003c/li\u003e","flag":"Best seller","badge":{"key":"BESTSELLER","text":"Best seller","type":"LABEL","id":"L1600"},"fulfillmentBadges":["Pickup","Delivery","1-day shipping"],"fulfillmentIcon":{"key":"SAVE_WITH_W_PLUS","label":"Save with"},"fulfillmentBadge":"Today","fulfillmentSpeed":["TODAY"],"fulfillmentType":"STORE","groupMetaData":{"groupType":null,"groupSubType":null,"numberOfComponents":0,"groupComponents":null},"id":"100S25MMZYQ0","itemType":null,"usItemId":"765041057","image":"https://i5.walmartimages.com/asr/2f7a6a6e-288e-4807-9e57-2c77c18957b9.fe0fe09de1abc365b256d2a03986d48a.jpeg?odnHeight=180\u0026odnWidth=180\u0026odnBg=ffffff","isOutOfStock":false,"esrb":"","mediaRating":"","name":"Cheetos Crunchy Flamin' Hot Cheese Flavored Snacks, Party Size, 15 oz Bag","price":4.48,"preOrder":{"isPreOrder":false,"preOrderMessage":null,"preOrderStreetDateMessage":null},"priceInfo":{"itemPrice":"","linePrice":"$4.48","wasPrice":"","unitPrice":"29.9 ¢/oz","shipPrice":"","minPrice":0,"minPriceForVariant":"","subscriptionPrice":"","subscriptionString":"","priceDisplayCondition":"","finalCostByWeight":false,"submapType":""},"rating":{"averageRating":4.5,"numberOfReviews":372},"salesUnit":"EACH","variantList":[],"isVariantTypeSwatch":false,"brand":null,"manufacturerName":null,"offerId":"F4FE0364E7BD4CCA96476E46D7BBB17C","fitmentLabel":"","isAtfMarker":true,"sellerId":"F55CDC31AB754BB68FE0B39041159D63","sellerName":"Walmart.com","hasSellerBadge":null,"seller":{"name":"Walmart.com","sellerId":"F55CDC31AB754BB68FE0B39041159D63"},"sponsoredProduct":null,"checkStoreAvailabilityATC":false,"seeShippingEligibility":false,"rewards":null},{"__typename":"Product","availabilityStatusDisplayValue":"In stock","productLocationDisplayValue":"Z2","externalInfoUrl":"","canonicalUrl":"/ip/Takis-Waves-Fuego-Hot-Chili-Pepper-and-Lime-Artificially-Flavored-Potato-Chips-2-5-Ounce-Bag/444521463?athbdg=L1600","canAddToCart":true,"showOptions":false,"showBuyNow":false,"description":"","flag":"Best seller","badge":{"key":"BESTSELLER","text":"Best seller","type":"LABEL","id":"L1600"},"fulfillmentBadges":["Pickup","Delivery"],"fulfillmentIcon":{"key":"SAVE_WITH_W_PLUS","label":"Save with"},"fulfillmentBadge":"","fulfillmentSpeed":[],"fulfillmentType":"STORE","groupMetaData":{"groupType":null,"groupSubType":null,"numberOfComponents":0,"groupComponents":null},"id":"0Y6PR5T0E7V0","itemType":null,"usItemId":"444521463","image":"https://i5.walmartimages.com/asr/bdab9947-40a1-443c-bb38-11d52a19947f.f2d592735a62aebcb63c2db31a5018e6.jpeg?odnHeight=180\u0026odnWidth=180\u0026odnBg=FFFFFF","isOutOfStock":false,"esrb":"","mediaRating":"","name":"Takis Waves Fuego, Hot Chili Pepper and Lime Artificially Flavored Potato Chips, 2.5 Ounce Bag","price":1.68,"preOrder":{"isPreOrder":false,"preOrderMessage":null,"preOrderStreetDateMessage":null},"priceInfo":{"itemPrice":"","linePrice":"$1.68","wasPrice":"","unitPrice":"67.2 ¢/oz","shipPrice":"","minPrice":0,"minPriceForVariant":"","subscriptionPrice":"","subscriptionString":"","priceDisplayCondition":"","finalCostByWeight":false,"submapType":""},"rating":{"averageRating":3,"numberOfReviews":12},"salesUnit":"EACH","variantList":[],"isVariantTypeSwatch":false,"brand":null,"manufacturerName":null,"offerId":"A8724DDBB18340ECB63E32B58F18960F","fitmentLabel":"","isAtfMarker":false,"sellerId":"F55CDC31AB754BB68FE0B39041159D63","sellerName":"Walmart.com","hasSellerBadge":null,"seller":{"name":"Walmart.com","sellerId":"F55CDC31AB754BB68FE0B39041159D63"},"sponsoredProduct":{"spQs":"sdQIXcHRQCj4xeQjJsPgJrp7wzrxDKLQ3QfjOcdZJmiksLIKH8GdMHI51EBhDsz8HZBsqu8sn8Kj8rC9O1lhEfgqwf5yzfvBWMhhUeUGSZVQVjLR8lzM6X9fhE3U1ghLiIWie681WWMHKYLW7YbCyL3DD6o3yjjIm3he9XidNh0","clickBeacon":"https://wrd.walmart.com/track?rdf=0\u0026adUid=69ccb08c-d4f2-4d10-8af1-ba230ead108a\u0026plmt=__plmt__\u0026tax=976759_976787_1001390\u0026pltfm=desktop\u0026eventST=__eventST__\u0026pgId=976759_976787_1001390\u0026spQs=sdQIXcHRQCj4xeQjJsPgJrp7wzrxDKLQ3QfjOcdZJmiksLIKH8GdMHI51EBhDsz8HZBsqu8sn8Kj8rC9O1lhEfgqwf5yzfvBWMhhUeUGSZVQVjLR8lzM6X9fhE3U1ghLiIWie681WWMHKYLW7YbCyL3DD6o3yjjIm3he9XidNh0\u0026storeId=3081\u0026pt=browse\u0026pos=__pos__\u0026bt=__bt__\u0026mloc=sp-browse-middle\u0026bkt=2478","spTags":null},"checkStoreAvailabilityATC":false,"seeShippingEligibility":false,"rewards":null},{"__typename":"Product","availabilityStatusDisplayValue":"In stock","productLocationDisplayValue":"A24","externalInfoUrl":"","canonicalUrl":"/ip/SkinnyPop-White-Cheddar-Popcorn-Gluten-Free-6-7-oz-Sharing-Size-Bag/862540076?athbdg=L1600","canAddToCart":true,"showOptions":false,"showBuyNow":false,"description":"","flag":"Best seller","badge":{"key":"BESTSELLER","text":"Best seller","type":"LABEL","id":"L1600"},"fulfillmentBadges":["Pickup","Delivery","1-day shipping"],"fulfillmentIcon":{"key":"SAVE_WITH_W_PLUS","label":"Save with"},"fulfillmentBadge":"","fulfillmentSpeed":[],"fulfillmentType":"STORE","groupMetaData":{"groupType":null,"groupSubType":null,"numberOfComponents":0,"groupComponents":null},"id":"3EG4JR8ID5WG","itemType":null,"usItemId":"862540076","image":"https://i5.walmartimages.com/asr/09890200-f4cc-42fc-a0cd-7eb19336ac75.a0bc0d7079a49a9d5aebbc58b5927f53.png?odnHeight=180\u0026odnWidth=180\u0026odnBg=FFFFFF","isOutOfStock":false,"esrb":"","mediaRating":"","name":"SkinnyPop White Cheddar Popcorn, Gluten-Free, 6.7 oz Sharing Size Bag","price":4.2,"preOrder":{"isPreOrder":false,"preOrderMessage":null,"preOrderStreetDateMessage":null},"priceInfo":{"itemPrice":"","linePrice":"$4.20","wasPrice":"","unitPrice":"62.7 ¢/oz","shipPrice":"","minPrice":0,"minPriceForVariant":"","subscriptionPrice":"","subscriptionString":"","priceDisplayCondition":"","finalCostByWeight":false,"submapType":""},"rating":{"averageRating":4.3,"numberOfReviews":136},"salesUnit":"EACH","variantList":[],"isVariantTypeSwatch":false,"brand":null,"manufacturerName":null,"offerId":"A900163FB9834BF9BAB3C6677D06AB54","fitmentLabel":"","isAtfMarker":false,"sellerId":"F55CDC31AB754BB68FE0B39041159D63","sellerName":"Walmart.com","hasSellerBadge":null,"seller":{"name":"Walmart.com","sellerId":"F55CDC31AB754BB68FE0B39041159D63"},"sponsoredProduct":{"spQs":"ZdBFv8plf2Lzpk3f5yu1sLEniX58VGRqOUtFbh8sT2vTXkUQLQG55ni5jX1W5nxGDhbjOUU9oQPK2zVkQ7dZhp2jehuoOSm_PrK78qy2NfrGCNRjneReT0NPwkKsYpT9H-ngwH_I2OQo_EGAwx0n3L3DD6o3yjjIm3he9XidNh0","clickBeacon":"https://wrd.walmart.com/track?rdf=0\u0026adUid=69ccb08c-d4f2-4d10-8af1-ba230ead108a\u0026plmt=__plmt__\u0026tax=976759_976787_1001390\u0026pltfm=desktop\u0026eventST=__eventST__\u0026pgId=976759_976787_1001390\u0026spQs=ZdBFv8plf2Lzpk3f5yu1sLEniX58VGRqOUtFbh8sT2vTXkUQLQG55ni5jX1W5nxGDhbjOUU9oQPK2zVkQ7dZhp2jehuoOSm_PrK78qy2NfrGCNRjneReT0NPwkKsYpT9H-ngwH_I2OQo_EGAwx0n3L3DD6o3yjjIm3he9XidNh0\u0026storeId=3081\u0026pt=browse\u0026pos=__pos__\u0026bt=__bt__\u0026mloc=sp-browse-middle\u0026bkt=2478","spTags":null},"checkStoreAvailabilityATC":false,"seeShippingEligibility":false,"rewards":null},{"__typename":"MarqueePlaceholder","type":"MarqueeDisplayAd","moduleLocation":"marquee1","lazy":"0"},{"__typename":"Product","availabilityStatusDisplayValue":"In stock","productLocationDisplayValue":null,"externalInfoUrl":"","canonicalUrl":"/ip/Great-Value-Family-Variety-Pack-18-Count-1-oz/787516986","canAddToCart":true,"showOptions":false,"showBuyNow":false,"description":"\u003cli\u003eFour bags of Cheese Crunch, three bags of Glacier Ranch tortilla chips, three bags of Nacho cheese tortilla chips, two bags of Chili Cheese corn chips, three bags of Sour Cream and Onion potato\u003c/li\u003e","flag":"","badge":{"text":"","id":"","type":"","key":""},"fulfillmentBadges":["Pickup","Delivery","1-day shipping"],"fulfillmentIcon":{"key":"SAVE_WITH_W_PLUS","label":"Save with"},"fulfillmentBadge":"Today","fulfillmentSpeed":["TODAY"],"fulfillmentType":"STORE","groupMetaData":{"groupType":null,"groupSubType":null,"numberOfComponents":0,"groupComponents":null},"id":"2GIPUPE6VCKO","itemType":null,"usItemId":"787516986","image":"https://i5.walmartimages.com/asr/6dadce52-cd27-4b49-b774-0ff381ec4b03_2.2a0c2478e3457618c41f7842c0259438.jpeg?odnHeight=180\u0026odnWidth=180\u0026odnBg=ffffff","isOutOfStock":false,"esrb":"","mediaRating":"","name":"Great Value Family Variety Pack 18 Count, 1 oz","price":6.12,"preOrder":{"isPreOrder":false,"preOrderMessage":null,"preOrderStreetDateMessage":null},"priceInfo":{"itemPrice":"","linePrice":"$6.12","wasPrice":"","unitPrice":"34.0 ¢/oz","shipPrice":"","minPrice":0,"minPriceForVariant":"","subscriptionPrice":"","subscriptionString":"","priceDisplayCondition":"","finalCostByWeight":false,"submapType":""},"rating":{"averageRating":3.7,"numberOfReviews":20},"salesUnit":"EACH","variantList":[],"isVariantTypeSwatch":false,"brand":null,"manufacturerName":null,"offerId":"D57E1BE9F6C74820AE0A516461CA81ED","fitmentLabel":"","isAtfMarker":false,"sellerId":"F55CDC31AB754BB68FE0B39041159D63","sellerName":"Walmart.com","hasSellerBadge":null,"seller":{"name":"Walmart.com","sellerId":"F55CDC31AB754BB68FE0B39041159D63"},"sponsoredProduct":null,"checkStoreAvailabilityATC":false,"seeShippingEligibility":false,"rewards":null},{"__typename":"Product","availabilityStatusDisplayValue":"In stock","productLocationDisplayValue":null,"externalInfoUrl":"","canonicalUrl":"/ip/Great-Value-Crispy-Rice-Treats-14-4-oz-12-Count/519565805","canAddToCart":true,"showOptions":false,"showBuyNow":false,"description":"\u003cli\u003e12 pack of snack-sized crispy rice squares\u003c/li\u003e\u003cli\u003ePerfect sweet treat that can be enjoyed at any time of the day\u003c/li\u003e\u003cli\u003eExcellent treats to pack in school lunches or in a picnic basket for a\u003c/li\u003e","flag":"","badge":{"text":"","id":"","type":"","key":""},"fulfillmentBadges":["Pickup","Delivery"],"fulfillmentIcon":{"key":"SAVE_WITH_W_PLUS","label":"Save with"},"fulfillmentBadge":"Today","fulfillmentSpeed":["TODAY"],"fulfillmentType":"STORE","groupMetaData":{"groupType":null,"groupSubType":null,"numberOfComponents":0,"groupComponents":null},"id":"291PPLJ4PVWL","itemType":null,"usItemId":"519565805","image":"https://i5.walmartimages.com/asr/50261b23-777e-4092-9646-83dda5ea1947_2.83eca52d3c27b2e0f11ba6cf1933a902.jpeg?odnHeight=180\u0026odnWidth=180\u0026odnBg=ffffff","isOutOfStock":false,"esrb":"","mediaRating":"","name":"Great Value Crispy Rice Treats, 14.4 oz, 12 Count","price":3.5,"preOrder":{"isPreOrder":false,"preOrderMessage":null,"preOrderStreetDateMessage":null},"priceInfo":{"itemPrice":"","linePrice":"$3.50","wasPrice":"","unitPrice":"24.3 ¢/oz","shipPrice":"","minPrice":0,"minPriceForVariant":"","subscriptionPrice":"","subscriptionString":"","priceDisplayCondition":"","finalCostByWeight":false,"submapType":""},"rating":{"averageRating":3.7,"numberOfReviews":69},"salesUnit":"EACH","variantList":[],"isVariantTypeSwatch":false,"brand":null,"manufacturerName":null,"offerId":"A1CC9A5358FE46F095CAAD6936E1BFE2","fitmentLabel":"","isAtfMarker":false,"sellerId":"F55CDC31AB754BB68FE0B39041159D63","sellerName":"Walmart.com","hasSellerBadge":null,"seller":{"name":"Walmart.com","sellerId":"F55CDC31AB754BB68FE0B39041159D63"},"sponsoredProduct":null,"checkStoreAvailabilityATC":false,"seeShippingEligibility":false,"rewards":null},{"__typename":"Product","availabilityStatusDisplayValue":"In stock","productLocationDisplayValue":null,"externalInfoUrl":"","canonicalUrl":"/ip/Fritos-Jalapeno-Cheddar-Flavored-Cheese-Dip-9-oz/10790821?athbdg=L1600","canAddToCart":true,"showOptions":false,"showBuyNow":false,"description":"\u003cli\u003eCreamy cheese dip with delicious jalapeno and cheddar flavor\u003c/li\u003e\u003cli\u003ePerfect for sharing\u003c/li\u003e","flag":"Best seller","badge":{"key":"BESTSELLER","text":"Best seller","type":"LABEL","id":"L1600"},"fulfillmentBadges":["Pickup","Delivery","3+ day shipping"],"fulfillmentIcon":{"key":"SAVE_WITH_W_PLUS","label":"Save with"},"fulfillmentBadge":"Today","fulfillmentSpeed":["TODAY"],"fulfillmentType":"STORE","groupMetaData":{"groupType":null,"groupSubType":null,"numberOfComponents":0,"groupComponents":null},"id":"2MCHBP5ATELE","itemType":null,"usItemId":"10790821","image":"https://i5.walmartimages.com/asr/2ec38718-501f-4271-916f-019cf10d255d.8b537ff88781b9c30ff29600eeddcacb.jpeg?odnHeight=180\u0026odnWidth=180\u0026odnBg=ffffff","isOutOfStock":false,"esrb":"","mediaRating":"","name":"Fritos Jalapeno Cheddar Flavored Cheese Dip, 9 oz","price":3.28,"preOrder":{"isPreOrder":false,"preOrderMessage":null,"preOrderStreetDateMessage":null},"priceInfo":{"itemPrice":"","linePrice":"$3.28","wasPrice":"","unitPrice":"36.4 ¢/oz","shipPrice":"","minPrice":0,"minPriceForVariant":"","subscriptionPrice":"","subscriptionString":"","priceDisplayCondition":"","finalCostByWeight":false,"submapType":""},"rating":{"averageRating":0,"numberOfReviews":0},"salesUnit":"EACH","variantList":[],"isVariantTypeSwatch":false,"brand":null,"manufacturerName":null,"offerId":"E8B84E53EC29407DB144789A01E6242F","fitmentLabel":"","isAtfMarker":false,"sellerId":"F55CDC31AB754BB68FE0B39041159D63","sellerName":"Walmart.com","hasSellerBadge":null,"seller":{"name":"Walmart.com","sellerId":"F55CDC31AB754BB68FE0B39041159D63"},"sponsoredProduct":null,"checkStoreAvailabilityATC":false,"seeShippingEligibility":false,"rewards":null},{"__typename":"Product","availabilityStatusDisplayValue":"In stock","productLocationDisplayValue":null,"externalInfoUrl":"","canonicalUrl":"/ip/Lay-s-Wavy-Original-Potato-Chips-Party-Size-13-oz-Bag/652141083","canAddToCart":true,"showOptions":false,"showBuyNow":false,"description":"\u003cli\u003eOriginal flavor\u003c/li\u003e\u003cli\u003eParty size bag is perfect for sharing\u003c/li\u003e\u003cli\u003eNo artificial flavors or preservatives\u003c/li\u003e\u003cli\u003eNo MSG\u003c/li\u003e","flag":"","badge":{"text":"","id":"","type":"","key":""},"fulfillmentBadges":["Pickup","Delivery","3+ day shipping"],"fulfillmentIcon":{"key":"SAVE_WITH_W_PLUS","label":"Save with"},"fulfillmentBadge":"Today","fulfillmentSpeed":["TODAY"],"fulfillmentType":"STORE","groupMetaData":{"groupType":null,"groupSubType":null,"numberOfComponents":0,"groupComponents":null},"id":"376IIM4TD2S0","itemType":null,"usItemId":"652141083","image":"https://i5.walmartimages.com/asr/81559d4c-aa19-4858-97c5-158841d729a3.4ea62378814b1e82bc7fb3a92c7a7827.jpeg?odnHeight=180\u0026odnWidth=180\u0026odnBg=FFFFFF","isOutOfStock":false,"esrb":"","mediaRating":"","name":"Lay's Wavy Original Potato Chips, Party Size, 13 oz Bag","price":4.48,"preOrder":{"isPreOrder":false,"preOrderMessage":null,"preOrderStreetDateMessage":null},"priceInfo":{"itemPrice":"","linePrice":"$4.48","wasPrice":"","unitPrice":"","shipPrice":"","minPrice":0,"minPriceForVariant":"","subscriptionPrice":"","subscriptionString":"","priceDisplayCondition":"","finalCostByWeight":false,"submapType":""},"rating":{"averageRating":4.2,"numberOfReviews":662},"salesUnit":"EACH","variantList":[],"isVariantTypeSwatch":false,"brand":null,"manufacturerName":null,"offerId":"037F6B5D35E244AFBE9EA2E30BA76EEC","fitmentLabel":"","isAtfMarker":false,"sellerId":"F55CDC31AB754BB68FE0B39041159D63","sellerName":"Walmart.com","hasSellerBadge":null,"seller":{"name":"Walmart.com","sellerId":"F55CDC31AB754BB68FE0B39041159D63"},"sponsoredProduct":null,"checkStoreAvailabilityATC":false,"seeShippingEligibility":false,"rewards":null},{"__typename":"Product","availabilityStatusDisplayValue":"In stock","productLocationDisplayValue":null,"externalInfoUrl":"","canonicalUrl":"/ip/Lay-s-Potato-Chips-Sour-Cream-Onion-Flavor-7-75-oz-Bag/33282306","canAddToCart":true,"showOptions":false,"showBuyNow":false,"description":"\u003cli\u003eDelicious sour cream and onion flavor\u003c/li\u003e\u003cli\u003eLarge bag is perfect for sharing\u003c/li\u003e\u003cli\u003eA tasty snack for the whole family to enjoy\u003c/li\u003e\u003cli\u003ePackaging may vary\u003c/li\u003e","flag":"","badge":{"text":"","id":"","type":"","key":""},"fulfillmentBadges":["Pickup","Delivery","1-day shipping"],"fulfillmentIcon":{"key":"SAVE_WITH_W_PLUS","label":"Save with"},"fulfillmentBadge":"Today","fulfillmentSpeed":["TODAY"],"fulfillmentType":"STORE","groupMetaData":{"groupType":null,"groupSubType":null,"numberOfComponents":0,"groupComponents":null},"id":"563PKBAGJDIP","itemType":null,"usItemId":"33282306","image":"https://i5.walmartimages.com/asr/4a22f777-af35-48b3-923e-8dc5ed4c1083.9a97c7544c2c96eaa2b331a00b41594f.jpeg?odnHeight=180\u0026odnWidth=180\u0026odnBg=ffffff","isOutOfStock":false,"esrb":"","mediaRating":"","name":"Lay's Potato Chips, Sour Cream \u0026 Onion Flavor, 7.75 oz Bag","price":2.98,"preOrder":{"isPreOrder":false,"preOrderMessage":null,"preOrderStreetDateMessage":null},"priceInfo":{"itemPrice":"","linePrice":"$2.98","wasPrice":"","unitPrice":"38.5 ¢/oz","shipPrice":"","minPrice":0,"minPriceForVariant":"","subscriptionPrice":"","subscriptionString":"","priceDisplayCondition":"","finalCostByWeight":false,"submapType":""},"rating":{"averageRating":4.5,"numberOfReviews":336},"salesUnit":"EACH","variantList":[],"isVariantTypeSwatch":false,"brand":null,"manufacturerName":null,"offerId":"398590A4361A4C448D3747A040A3B832","fitmentLabel":"","isAtfMarker":false,"sellerId":"F55CDC31AB754BB68FE0B39041159D63","sellerName":"Walmart.com","hasSellerBadge":null,"seller":{"name":"Walmart.com","sellerId":"F55CDC31AB754BB68FE0B39041159D63"},"sponsoredProduct":null,"checkStoreAvailabilityATC":false,"seeShippingEligibility":false,"rewards":null},{"__typename":"Product","availabilityStatusDisplayValue":"In stock","productLocationDisplayValue":null,"externalInfoUrl":"","canonicalUrl":"/ip/Tostitos-Salsa-Medium-Salsa-Con-Queso-15-Oz-Jar/15240680?athbdg=L1600","canAddToCart":true,"showOptions":false,"showBuyNow":false,"description":"\u003cli\u003eMedium heat\u003c/li\u003e\u003cli\u003eMade with real Monterey Jack cheese\u003c/li\u003e\u003cli\u003ePairs perfectly with your favorite Tostitos tortilla chip\u003c/li\u003e\u003cli\u003eGreat for sharing with the whole family\u003c/li\u003e","flag":"Best seller","badge":{"key":"BESTSELLER","text":"Best seller","type":"LABEL","id":"L1600"},"fulfillmentBadges":["Pickup","Delivery","1-day shipping"],"fulfillmentIcon":{"key":"SAVE_WITH_W_PLUS","label":"Save with"},"fulfillmentBadge":"Today","fulfillmentSpeed":["TODAY"],"fulfillmentType":"STORE","groupMetaData":{"groupType":null,"groupSubType":null,"numberOfComponents":0,"groupComponents":null},"id":"1BKSA0L3Z4YD","itemType":null,"usItemId":"15240680","image":"https://i5.walmartimages.com/asr/7404dd32-b53c-44c8-b789-64fdf150aa44.de35740ece3f5ef72b7c2cfb2f47d64c.jpeg?odnHeight=180\u0026odnWidth=180\u0026odnBg=ffffff","isOutOfStock":false,"esrb":"","mediaRating":"","name":"Tostitos Salsa, Medium Salsa Con Queso, 15 Oz Jar","price":4.48,"preOrder":{"isPreOrder":false,"preOrderMessage":null,"preOrderStreetDateMessage":null},"priceInfo":{"itemPrice":"","linePrice":"$4.48","wasPrice":"","unitPrice":"29.9 ¢/oz","shipPrice":"","minPrice":0,"minPriceForVariant":"","subscriptionPrice":"","subscriptionString":"","priceDisplayCondition":"","finalCostByWeight":false,"submapType":""},"rating":{"averageRating":0,"numberOfReviews":0},"salesUnit":"EACH","variantList":[],"isVariantTypeSwatch":false,"brand":null,"manufacturerName":null,"offerId":"4F175E152B27407AB59D0C9F57ABCA71","fitmentLabel":"","isAtfMarker":false,"sellerId":"F55CDC31AB754BB68FE0B39041159D63","sellerName":"Walmart.com","hasSellerBadge":null,"seller":{"name":"Walmart.com","sellerId":"F55CDC31AB754BB68FE0B39041159D63"},"sponsoredProduct":null,"checkStoreAvailabilityATC":false,"seeShippingEligibility":false,"rewards":null},{"__typename":"Product","availabilityStatusDisplayValue":"In stock","productLocationDisplayValue":null,"externalInfoUrl":"","canonicalUrl":"/ip/Ruffles-Potato-Chips-Cheddar-Sour-Cream-Flavored-8-Oz/992619347","canAddToCart":true,"showOptions":false,"showBuyNow":false,"description":"\u003cli\u003eA blend of rich, velvety cheddar with smooth, creamy sour cream flavor.\u003c/li\u003e\u003cli\u003eThe thick ridges of Ruffles Potato Chips help hold more great potato chip flavor and stand up to the thickest dips\u003c/li\u003e","flag":"","badge":{"text":"","id":"","type":"","key":""},"fulfillmentBadges":["Pickup","Delivery","1-day shipping"],"fulfillmentIcon":{"key":"SAVE_WITH_W_PLUS","label":"Save with"},"fulfillmentBadge":"Today","fulfillmentSpeed":["TODAY"],"fulfillmentType":"STORE","groupMetaData":{"groupType":null,"groupSubType":null,"numberOfComponents":0,"groupComponents":null},"id":"5FDRGAXK242D","itemType":null,"usItemId":"992619347","image":"https://i5.walmartimages.com/asr/415c3221-0376-473b-b96a-1417805d690b.84562d1a2dfb48312373727da5668bc8.jpeg?odnHeight=180\u0026odnWidth=180\u0026odnBg=ffffff","isOutOfStock":false,"esrb":"","mediaRating":"","name":"Ruffles Potato Chips Cheddar \u0026 Sour Cream Flavored 8 Oz","price":3,"preOrder":{"isPreOrder":false,"preOrderMessage":null,"preOrderStreetDateMessage":null},"priceInfo":{"itemPrice":"","linePrice":"$3.00","wasPrice":"","unitPrice":"37.5 ¢/oz","shipPrice":"","minPrice":0,"minPriceForVariant":"","subscriptionPrice":"","subscriptionString":"","priceDisplayCondition":"","finalCostByWeight":false,"submapType":""},"rating":{"averageRating":3.2,"numberOfReviews":30},"salesUnit":"EACH","variantList":[],"isVariantTypeSwatch":false,"brand":null,"manufacturerName":null,"offerId":"24290372D6AC4A7691A410E23E0A244E","fitmentLabel":"","isAtfMarker":false,"sellerId":"F55CDC31AB754BB68FE0B39041159D63","sellerName":"Walmart.com","hasSellerBadge":null,"seller":{"name":"Walmart.com","sellerId":"F55CDC31AB754BB68FE0B39041159D63"},"sponsoredProduct":null,"checkStoreAvailabilityATC":false,"seeShippingEligibility":false,"rewards":null},{"__typename":"Product","availabilityStatusDisplayValue":"In stock","productLocationDisplayValue":null,"externalInfoUrl":"","canonicalUrl":"/ip/Lay-s-Potato-Chips-Lightly-Salted-Classic-12-5-Oz/772029598","canAddToCart":true,"showOptions":false,"showBuyNow":false,"description":"\u003cli\u003e50% less sodium than our original recipe\u003c/li\u003e\u003cli\u003eCrispy and delicious\u003c/li\u003e\u003cli\u003eParty size bag is perfect for sharing\u003c/li\u003e","flag":"","badge":{"text":"","id":"","type":"","key":""},"fulfillmentBadges":["Pickup","Delivery"],"fulfillmentIcon":{"key":"SAVE_WITH_W_PLUS","label":"Save with"},"fulfillmentBadge":"Today","fulfillmentSpeed":["TODAY"],"fulfillmentType":"STORE","groupMetaData":{"groupType":null,"groupSubType":null,"numberOfComponents":0,"groupComponents":null},"id":"43HXOX035BVM","itemType":null,"usItemId":"772029598","image":"https://i5.walmartimages.com/asr/0c2e79e3-b8b2-46ac-9407-172db44ce1b3.0e56e44da418275ceae31c7f0c71a0b1.jpeg?odnHeight=180\u0026odnWidth=180\u0026odnBg=ffffff","isOutOfStock":false,"esrb":"","mediaRating":"","name":"Lay's Potato Chips Lightly Salted Classic 12.5 Oz","price":4.48,"preOrder":{"isPreOrder":false,"preOrderMessage":null,"preOrderStreetDateMessage":null},"priceInfo":{"itemPrice":"$5.89","linePrice":"$4.48","wasPrice":"$5.89","unitPrice":"35.8 ¢/oz","shipPrice":"","minPrice":0,"minPriceForVariant":"","subscriptionPrice":"","subscriptionString":"","priceDisplayCondition":"","finalCostByWeight":false,"submapType":""},"rating":{"averageRating":4.3,"numberOfReviews":430},"salesUnit":"EACH","variantList":[],"isVariantTypeSwatch":false,"brand":null,"manufacturerName":null,"offerId":"C3F44F5745B14DD19990ACFF7A0C3C49","fitmentLabel":"","isAtfMarker":false,"sellerId":"F55CDC31AB754BB68FE0B39041159D63","sellerName":"Walmart.com","hasSellerBadge":null,"seller":{"name":"Walmart.com","sellerId":"F55CDC31AB754BB68FE0B39041159D63"},"sponsoredProduct":null,"checkStoreAvailabilityATC":false,"seeShippingEligibility":false,"rewards":null},{"__typename":"Product","availabilityStatusDisplayValue":"In stock","productLocationDisplayValue":"A24","externalInfoUrl":"","canonicalUrl":"/ip/15-oz-Utz-Potato-Stix-Canister/19757588?athbdg=L1600","canAddToCart":true,"showOptions":false,"showBuyNow":false,"description":"","flag":"Best seller","badge":{"key":"BESTSELLER","text":"Best seller","type":"LABEL","id":"L1600"},"fulfillmentBadges":["Pickup","Delivery","1-day shipping"],"fulfillmentIcon":{"key":"SAVE_WITH_W_PLUS","label":"Save with"},"fulfillmentBadge":"","fulfillmentSpeed":[],"fulfillmentType":"STORE","groupMetaData":{"groupType":null,"groupSubType":null,"numberOfComponents":0,"groupComponents":null},"id":"1S6OCPOQCEI6","itemType":null,"usItemId":"19757588","image":"https://i5.walmartimages.com/asr/347b28c1-47c3-496d-b884-6629e11323ca.039db5953e1bd750ce9969856b23b599.jpeg?odnHeight=180\u0026odnWidth=180\u0026odnBg=FFFFFF","isOutOfStock":false,"esrb":"","mediaRating":"","name":"15 oz Utz Potato Stix Canister","price":4.28,"preOrder":{"isPreOrder":false,"preOrderMessage":null,"preOrderStreetDateMessage":null},"priceInfo":{"itemPrice":"","linePrice":"$4.28","wasPrice":"","unitPrice":"28.5 ¢/oz","shipPrice":"","minPrice":0,"minPriceForVariant":"","subscriptionPrice":"","subscriptionString":"","priceDisplayCondition":"","finalCostByWeight":false,"submapType":""},"rating":{"averageRating":4.7,"numberOfReviews":1044},"salesUnit":"EACH","variantList":[],"isVariantTypeSwatch":false,"brand":null,"manufacturerName":null,"offerId":"A573BDD6F5464C5EA86D55835ECA7E51","fitmentLabel":"","isAtfMarker":false,"sellerId":"F55CDC31AB754BB68FE0B39041159D63","sellerName":"Walmart.com","hasSellerBadge":null,"seller":{"name":"Walmart.com","sellerId":"F55CDC31AB754BB68FE0B39041159D63"},"sponsoredProduct":{"spQs":"4JMXXDM0ERGf40xTjo8CyTCcDWdH6ax1RhK8ZBLJPOOIcTCM3ND9XcKiaZJL4JI-J17gu7x0gyes0xVJj08RuO4oO6-9AYcshF11EQYlZQ8N7t_R9bKIo19w7KOdOoqjXdHCr6_fMdQfzQMVrq4jkspFibgPqM9BLR8fkwcWOPs","clickBeacon":"https://wrd.walmart.com/track?rdf=0\u0026adUid=69ccb08c-d4f2-4d10-8af1-ba230ead108a\u0026plmt=__plmt__\u0026tax=976759_976787_1001390\u0026pltfm=desktop\u0026eventST=__eventST__\u0026pgId=976759_976787_1001390\u0026spQs=4JMXXDM0ERGf40xTjo8CyTCcDWdH6ax1RhK8ZBLJPOOIcTCM3ND9XcKiaZJL4JI-J17gu7x0gyes0xVJj08RuO4oO6-9AYcshF11EQYlZQ8N7t_R9bKIo19w7KOdOoqjXdHCr6_fMdQfzQMVrq4jkspFibgPqM9BLR8fkwcWOPs\u0026storeId=3081\u0026pt=browse\u0026pos=__pos__\u0026bt=__bt__\u0026mloc=sp-browse-middle\u0026bkt=2478","spTags":null},"checkStoreAvailabilityATC":false,"seeShippingEligibility":false,"rewards":null},{"__typename":"Product","availabilityStatusDisplayValue":"In stock","productLocationDisplayValue":null,"externalInfoUrl":"","canonicalUrl":"/ip/Quaker-Rice-Cakes-Whole-Grain-Chocolate-7-23-Oz/13448658?athbdg=L1600","canAddToCart":true,"showOptions":false,"showBuyNow":false,"description":"\u003cli\u003eExquisite chocolatey flavor on a scrumptious and crunchy rice cake\u003c/li\u003e\u003cli\u003e10g of whole grain\u003c/li\u003e\u003cli\u003e60 calories per serving\u003c/li\u003e","flag":"Best seller","badge":{"key":"BESTSELLER","text":"Best seller","type":"LABEL","id":"L1600"},"fulfillmentBadges":["Pickup","Delivery","1-day shipping"],"fulfillmentIcon":{"key":"SAVE_WITH_W_PLUS","label":"Save with"},"fulfillmentBadge":"Today","fulfillmentSpeed":["TODAY"],"fulfillmentType":"STORE","groupMetaData":{"groupType":null,"groupSubType":null,"numberOfComponents":0,"groupComponents":null},"id":"33CYX1R8KNTK","itemType":null,"usItemId":"13448658","image":"https://i5.walmartimages.com/asr/6600400c-bb4d-4cfb-b792-ce32faaeaec2_2.e450f0a19cf71d6a4a5edf8b4489584e.jpeg?odnHeight=180\u0026odnWidth=180\u0026odnBg=ffffff","isOutOfStock":false,"esrb":"","mediaRating":"","name":"Quaker Rice Cakes, Whole Grain Chocolate, 7.23 Oz.","price":3,"preOrder":{"isPreOrder":false,"preOrderMessage":null,"preOrderStreetDateMessage":null},"priceInfo":{"itemPrice":"","linePrice":"$3.00","wasPrice":"","unitPrice":"41.5 ¢/oz","shipPrice":"","minPrice":0,"minPriceForVariant":"","subscriptionPrice":"","subscriptionString":"","priceDisplayCondition":"","finalCostByWeight":false,"submapType":""},"rating":{"averageRating":4.6,"numberOfReviews":658},"salesUnit":"EACH","variantList":[],"isVariantTypeSwatch":false,"brand":null,"manufacturerName":null,"offerId":"9CE059C546AF4E4E8793881325C56036","fitmentLabel":"","isAtfMarker":false,"sellerId":"F55CDC31AB754BB68FE0B39041159D63","sellerName":"Walmart.com","hasSellerBadge":null,"seller":{"name":"Walmart.com","sellerId":"F55CDC31AB754BB68FE0B39041159D63"},"sponsoredProduct":null,"checkStoreAvailabilityATC":false,"seeShippingEligibility":false,"rewards":null},{"__typename":"Product","availabilityStatusDisplayValue":"In stock","productLocationDisplayValue":null,"externalInfoUrl":"","canonicalUrl":"/ip/Pringles-Potato-Crisps-Chips-Lunch-Snacks-On-The-Go-Snacks-Cheddar-Cheese-5-5-Oz-Can/246212997?athbdg=L1600","canAddToCart":true,"showOptions":false,"showBuyNow":false,"description":"\u003cli\u003eIncludes 1, 5.5-ounce can of ready to eat potato crisps\u003c/li\u003e","flag":"Best seller","badge":{"key":"BESTSELLER","text":"Best seller","type":"LABEL","id":"L1600"},"fulfillmentBadges":["Pickup","Delivery","3+ day shipping"],"fulfillmentIcon":{"key":"SAVE_WITH_W_PLUS","label":"Save with"},"fulfillmentBadge":"Today","fulfillmentSpeed":["TODAY"],"fulfillmentType":"STORE","groupMetaData":{"groupType":null,"groupSubType":null,"numberOfComponents":0,"groupComponents":null},"id":"4GYCITJ6AUPD","itemType":null,"usItemId":"246212997","image":"https://i5.walmartimages.com/asr/80d667a6-62a9-4f00-a18e-bc55f85f3a12.ded73a4ce19550c129496b1b1f321807.jpeg?odnHeight=180\u0026odnWidth=180\u0026odnBg=ffffff","isOutOfStock":false,"esrb":"","mediaRating":"","name":"Pringles Potato Crisps Chips, Lunch Snacks, On The Go Snacks, Cheddar Cheese, 5.5 Oz, Can","price":1.78,"preOrder":{"isPreOrder":false,"preOrderMessage":null,"preOrderStreetDateMessage":null},"priceInfo":{"itemPrice":"$5.28","linePrice":"$1.78","wasPrice":"$5.28","unitPrice":"32.4 ¢/oz","shipPrice":"","minPrice":0,"minPriceForVariant":"","subscriptionPrice":"","subscriptionString":"","priceDisplayCondition":"","finalCostByWeight":false,"submapType":""},"rating":{"averageRating":4.5,"numberOfReviews":301},"salesUnit":"EACH","variantList":[],"isVariantTypeSwatch":false,"brand":null,"manufacturerName":null,"offerId":"D271D53F21244137858104C2B3AFBF65","fitmentLabel":"","isAtfMarker":false,"sellerId":"F55CDC31AB754BB68FE0B39041159D63","sellerName":"Walmart.com","hasSellerBadge":null,"seller":{"name":"Walmart.com","sellerId":"F55CDC31AB754BB68FE0B39041159D63"},"sponsoredProduct":null,"checkStoreAvailabilityATC":false,"seeShippingEligibility":false,"rewards":null},{"__typename":"Product","availabilityStatusDisplayValue":"In stock","productLocationDisplayValue":null,"externalInfoUrl":"","canonicalUrl":"/ip/Takis-Fuego-Rolled-Tortilla-Chips-Hot-Chili-Pepper-and-Lime-Artificially-Flavored-9-9-Ounce-Bag/37846296","canAddToCart":true,"showOptions":false,"showBuyNow":false,"description":"\u003cli\u003eHot chili pepper \u0026 lime tortilla chips\u003c/li\u003e\u003cli\u003eExtreme\u003c/li\u003e\u003cli\u003eOnly the best ingredients to create the best snacks\u003c/li\u003e","flag":"","badge":{"text":"","id":"","type":"","key":""},"fulfillmentBadges":["Pickup","Delivery","1-day shipping"],"fulfillmentIcon":{"key":"SAVE_WITH_W_PLUS","label":"Save with"},"fulfillmentBadge":"Today","fulfillmentSpeed":["TODAY"],"fulfillmentType":"STORE","groupMetaData":{"groupType":null,"groupSubType":null,"numberOfComponents":0,"groupComponents":null},"id":"18BXNZKKHK37","itemType":null,"usItemId":"37846296","image":"https://i5.walmartimages.com/asr/884e49f7-7b12-4dbb-9a0d-d5c5bc8bc6ce.1caf4010566a90f12d731913247b8fb0.jpeg?odnHeight=180\u0026odnWidth=180\u0026odnBg=ffffff","isOutOfStock":false,"esrb":"","mediaRating":"","name":"Takis Fuego Rolled Tortilla Chips, Hot Chili Pepper and Lime Artificially Flavored, 9.9 Ounce Bag","price":2.88,"preOrder":{"isPreOrder":false,"preOrderMessage":null,"preOrderStreetDateMessage":null},"priceInfo":{"itemPrice":"","linePrice":"$2.88","wasPrice":"","unitPrice":"29.1 ¢/oz","shipPrice":"","minPrice":0,"minPriceForVariant":"","subscriptionPrice":"","subscriptionString":"","priceDisplayCondition":"","finalCostByWeight":false,"submapType":""},"rating":{"averageRating":4.5,"numberOfReviews":554},"salesUnit":"EACH","variantList":[],"isVariantTypeSwatch":false,"brand":null,"manufacturerName":null,"offerId":"BE67F1710FD44611885B17ECE018D901","fitmentLabel":"","isAtfMarker":false,"sellerId":"F55CDC31AB754BB68FE0B39041159D63","sellerName":"Walmart.com","hasSellerBadge":null,"seller":{"name":"Walmart.com","sellerId":"F55CDC31AB754BB68FE0B39041159D63"},"sponsoredProduct":null,"checkStoreAvailabilityATC":false,"seeShippingEligibility":false,"rewards":null},{"__typename":"Product","availabilityStatusDisplayValue":"In stock","productLocationDisplayValue":null,"externalInfoUrl":"","canonicalUrl":"/ip/Lay-s-Potato-Chips-Barbecue-Flavored-12-5-oz/198082763","canAddToCart":true,"showOptions":false,"showBuyNow":false,"description":"\u003cli\u003eDelicious barbecue flavor\u003c/li\u003e\u003cli\u003eParty size bag is perfect for sharing\u003c/li\u003e\u003cli\u003eNo artificial flavors\u003c/li\u003e\u003cli\u003eSaucy, smoky, crispy and flavorful!\u003c/li\u003e","flag":"","badge":{"text":"","id":"","type":"","key":""},"fulfillmentBadges":["Pickup","Delivery","1-day shipping"],"fulfillmentIcon":{"key":"SAVE_WITH_W_PLUS","label":"Save with"},"fulfillmentBadge":"Today","fulfillmentSpeed":["TODAY"],"fulfillmentType":"STORE","groupMetaData":{"groupType":null,"groupSubType":null,"numberOfComponents":0,"groupComponents":null},"id":"5N6H02FP6P9G","itemType":null,"usItemId":"198082763","image":"https://i5.walmartimages.com/asr/b961098e-51cb-4966-beb7-d79dc059d1e4.f124b2113fe193f62eb0e62a85349b33.jpeg?odnHeight=180\u0026odnWidth=180\u0026odnBg=ffffff","isOutOfStock":false,"esrb":"","mediaRating":"","name":"Lay's Potato Chips, Barbecue Flavored, 12.5 oz","price":4.48,"preOrder":{"isPreOrder":false,"preOrderMessage":null,"preOrderStreetDateMessage":null},"priceInfo":{"itemPrice":"","linePrice":"$4.48","wasPrice":"","unitPrice":"35.8 ¢/oz","shipPrice":"","minPrice":0,"minPriceForVariant":"","subscriptionPrice":"","subscriptionString":"","priceDisplayCondition":"","finalCostByWeight":false,"submapType":""},"rating":{"averageRating":4.3,"numberOfReviews":653},"salesUnit":"EACH","variantList":[],"isVariantTypeSwatch":false,"brand":null,"manufacturerName":null,"offerId":"820E8F4419814C40B9AA80C2214F64AC","fitmentLabel":"","isAtfMarker":false,"sellerId":"F55CDC31AB754BB68FE0B39041159D63","sellerName":"Walmart.com","hasSellerBadge":null,"seller":{"name":"Walmart.com","sellerId":"F55CDC31AB754BB68FE0B39041159D63"},"sponsoredProduct":null,"checkStoreAvailabilityATC":false,"seeShippingEligibility":false,"rewards":null},{"__typename":"Product","availabilityStatusDisplayValue":"In stock","productLocationDisplayValue":null,"externalInfoUrl":"","canonicalUrl":"/ip/Cheetos-Crunchy-Cheese-Flavored-Snacks-8-5-oz-Bag/49909687","canAddToCart":true,"showOptions":false,"showBuyNow":false,"description":"\u003cli\u003eMade with real cheese\u003c/li\u003e\u003cli\u003eLarge bag is perfect for sharing\u003c/li\u003e\u003cli\u003eCHEETOS snacks are the much-loved cheesy treats that are fun for everyone\u003c/li\u003e","flag":"","badge":{"text":"","id":"","type":"","key":""},"fulfillmentBadges":["Pickup","Delivery","1-day shipping"],"fulfillmentIcon":{"key":"SAVE_WITH_W_PLUS","label":"Save with"},"fulfillmentBadge":"Today","fulfillmentSpeed":["TODAY"],"fulfillmentType":"STORE","groupMetaData":{"groupType":null,"groupSubType":null,"numberOfComponents":0,"groupComponents":null},"id":"5KC70VJM485J","itemType":null,"usItemId":"49909687","image":"https://i5.walmartimages.com/asr/101b1d40-8488-4b4b-a8a9-d4ab26a47266.27702690e0957fd69c8195e51b5eb485.jpeg?odnHeight=180\u0026odnWidth=180\u0026odnBg=ffffff","isOutOfStock":false,"esrb":"","mediaRating":"","name":"Cheetos Crunchy Cheese Flavored Snacks, 8.5 oz Bag","price":3.48,"preOrder":{"isPreOrder":false,"preOrderMessage":null,"preOrderStreetDateMessage":null},"priceInfo":{"itemPrice":"","linePrice":"$3.48","wasPrice":"","unitPrice":"40.9 ¢/oz","shipPrice":"","minPrice":0,"minPriceForVariant":"","subscriptionPrice":"","subscriptionString":"","priceDisplayCondition":"","finalCostByWeight":false,"submapType":""},"rating":{"averageRating":4.7,"numberOfReviews":848},"salesUnit":"EACH","variantList":[],"isVariantTypeSwatch":false,"brand":null,"manufacturerName":null,"offerId":"508FAB1C0A114E2A8CE9F69B95C304A8","fitmentLabel":"","isAtfMarker":false,"sellerId":"F55CDC31AB754BB68FE0B39041159D63","sellerName":"Walmart.com","hasSellerBadge":null,"seller":{"name":"Walmart.com","sellerId":"F55CDC31AB754BB68FE0B39041159D63"},"sponsoredProduct":null,"checkStoreAvailabilityATC":false,"seeShippingEligibility":false,"rewards":null},{"__typename":"Product","availabilityStatusDisplayValue":"In stock","productLocationDisplayValue":null,"externalInfoUrl":"","canonicalUrl":"/ip/Lay-s-Potato-Chips-Salt-Vinegar-Flavor-7-75-oz-Bag/33282309","canAddToCart":true,"showOptions":false,"showBuyNow":false,"description":"\u003cli\u003eDelicious tangy salt \u0026 vinegar flavor\u003c/li\u003e\u003cli\u003eLarge bag is perfect for sharing\u003c/li\u003e\u003cli\u003eA tasty snack for the whole family to enjoy\u003c/li\u003e\u003cli\u003ePackaging may vary\u003c/li\u003e","flag":"","badge":{"text":"","id":"","type":"","key":""},"fulfillmentBadges":["Pickup","Delivery"],"fulfillmentIcon":{"key":"SAVE_WITH_W_PLUS","label":"Save with"},"fulfillmentBadge":"Today","fulfillmentSpeed":["TODAY"],"fulfillmentType":"STORE","groupMetaData":{"groupType":null,"groupSubType":null,"numberOfComponents":0,"groupComponents":null},"id":"2V6CDMB5M550","itemType":null,"usItemId":"33282309","image":"https://i5.walmartimages.com/asr/8fdd1f96-6abc-4b59-a421-78af89423d4b.30f4bc39c917d67427078093dbbc445f.jpeg?odnHeight=180\u0026odnWidth=180\u0026odnBg=ffffff","isOutOfStock":false,"esrb":"","mediaRating":"","name":"Lay's Potato Chips, Salt \u0026 Vinegar Flavor, 7.75 oz Bag","price":2.98,"preOrder":{"isPreOrder":false,"preOrderMessage":null,"preOrderStreetDateMessage":null},"priceInfo":{"itemPrice":"","linePrice":"$2.98","wasPrice":"","unitPrice":"38.5 ¢/oz","shipPrice":"","minPrice":0,"minPriceForVariant":"","subscriptionPrice":"","subscriptionString":"","priceDisplayCondition":"","finalCostByWeight":false,"submapType":""},"rating":{"averageRating":4.6,"numberOfReviews":294},"salesUnit":"EACH","variantList":[],"isVariantTypeSwatch":false,"brand":null,"manufacturerName":null,"offerId":"7B2D426545E641C49917AD53AA685A6A","fitmentLabel":"","isAtfMarker":false,"sellerId":"F55CDC31AB754BB68FE0B39041159D63","sellerName":"Walmart.com","hasSellerBadge":null,"seller":{"name":"Walmart.com","sellerId":"F55CDC31AB754BB68FE0B39041159D63"},"sponsoredProduct":null,"checkStoreAvailabilityATC":false,"seeShippingEligibility":false,"rewards":null},{"__typename":"Product","availabilityStatusDisplayValue":"In stock","productLocationDisplayValue":null,"externalInfoUrl":"","canonicalUrl":"/ip/Frito-Lay-Classic-Mix-Chips-Variety-Pack-38-75-oz-42-Count/454082909","canAddToCart":true,"showOptions":false,"showBuyNow":false,"description":"\u003cli\u003eMega size includes 42 individual bags\u003c/li\u003e\u003cli\u003eClassic mix has your favorite Lay's, Doritos, Cheetos, Ruffles, Fritos, Smartfood and Funyuns flavors\u003c/li\u003e\u003cli\u003ePerfect for packing in school lunches or\u003c/li\u003e","flag":"","badge":{"text":"","id":"","type":"","key":""},"fulfillmentBadges":["3+ day shipping"],"fulfillmentBadge":"","fulfillmentSpeed":[],"fulfillmentType":"MARKETPLACE","groupMetaData":{"groupType":null,"groupSubType":null,"numberOfComponents":0,"groupComponents":null},"id":"6SOLDTUSEL4X","itemType":null,"usItemId":"454082909","image":"https://i5.walmartimages.com/asr/1f63ae56-8db2-48c7-9ebf-2510a4c6875d.3cf419a7e3982ce81a5edb72e5f78815.jpeg?odnHeight=180\u0026odnWidth=180\u0026odnBg=ffffff","isOutOfStock":false,"esrb":"","mediaRating":"","name":"Frito Lay Classic Mix Chips Variety Pack, 38.75 oz, 42 Count","price":29.97,"preOrder":{"isPreOrder":false,"preOrderMessage":null,"preOrderStreetDateMessage":null},"priceInfo":{"itemPrice":"","linePrice":"$29.97","wasPrice":"","unitPrice":"","shipPrice":"","minPrice":0,"minPriceForVariant":"","subscriptionPrice":"","subscriptionString":"","priceDisplayCondition":"","finalCostByWeight":false,"submapType":""},"rating":{"averageRating":4.4,"numberOfReviews":202},"salesUnit":"EACH","variantList":[],"isVariantTypeSwatch":false,"brand":null,"manufacturerName":null,"offerId":"099C585A700449D78299498300EB1CB1","fitmentLabel":"","isAtfMarker":false,"sellerId":"066207A23693446C8F133A67AD1DFF7D","sellerName":"Excellent Buyz Inc","hasSellerBadge":null,"seller":{"name":"Excellent Buyz Inc","sellerId":"066207A23693446C8F133A67AD1DFF7D"},"sponsoredProduct":null,"checkStoreAvailabilityATC":false,"seeShippingEligibility":false,"rewards":null},{"__typename":"Product","availabilityStatusDisplayValue":"In stock","productLocationDisplayValue":null,"externalInfoUrl":"","canonicalUrl":"/ip/Great-Value-Bite-Size-Tortilla-Chips-13-oz/12329756","canAddToCart":true,"showOptions":false,"showBuyNow":false,"description":"\u003cli\u003eBite size round shape\u003c/li\u003e\u003cli\u003eGluten-free\u003c/li\u003e\u003cli\u003eKosher\u003c/li\u003e\u003cli\u003eNet weight 13 oz\u003c/li\u003e","flag":"","badge":{"text":"","id":"","type":"","key":""},"fulfillmentBadges":["Pickup","Delivery","1-day shipping"],"fulfillmentIcon":{"key":"SAVE_WITH_W_PLUS","label":"Save with"},"fulfillmentBadge":"Today","fulfillmentSpeed":["TODAY"],"fulfillmentType":"STORE","groupMetaData":{"groupType":null,"groupSubType":null,"numberOfComponents":0,"groupComponents":null},"id":"2Y575W9THRWN","itemType":null,"usItemId":"12329756","image":"https://i5.walmartimages.com/asr/fe4bae82-b7c8-472f-9cdb-2411c01f1089_1.46dbda6e85f90e2171b39683753efba5.jpeg?odnHeight=180\u0026odnWidth=180\u0026odnBg=ffffff","isOutOfStock":false,"esrb":"","mediaRating":"","name":"Great Value Bite Size Tortilla Chips, 13 oz","price":1.74,"preOrder":{"isPreOrder":false,"preOrderMessage":null,"preOrderStreetDateMessage":null},"priceInfo":{"itemPrice":"","linePrice":"$1.74","wasPrice":"","unitPrice":"13.4 ¢/oz","shipPrice":"","minPrice":0,"minPriceForVariant":"","subscriptionPrice":"","subscriptionString":"","priceDisplayCondition":"","finalCostByWeight":false,"submapType":""},"rating":{"averageRating":4.5,"numberOfReviews":308},"salesUnit":"EACH","variantList":[],"isVariantTypeSwatch":false,"brand":null,"manufacturerName":null,"offerId":"A9B09FA4458F4217B8B08D7FEE8B3581","fitmentLabel":"","isAtfMarker":false,"sellerId":"F55CDC31AB754BB68FE0B39041159D63","sellerName":"Walmart.com","hasSellerBadge":null,"seller":{"name":"Walmart.com","sellerId":"F55CDC31AB754BB68FE0B39041159D63"},"sponsoredProduct":null,"checkStoreAvailabilityATC":false,"seeShippingEligibility":false,"rewards":null},{"__typename":"Product","availabilityStatusDisplayValue":"In stock","productLocationDisplayValue":null,"externalInfoUrl":"","canonicalUrl":"/ip/Cheetos-Puffs-Flamin-Hot-Cheese-Flavored-Snacks-8-oz/49909697","canAddToCart":true,"showOptions":false,"showBuyNow":false,"description":"\u003cli\u003eMade with real cheese\u003c/li\u003e\u003cli\u003eDelicious flamin' hot flavor\u003c/li\u003e","flag":"","badge":{"text":"","id":"","type":"","key":""},"fulfillmentBadges":["3+ day shipping"],"fulfillmentIcon":{"key":"SAVE_WITH_W_PLUS","label":"Save with"},"fulfillmentBadge":"","fulfillmentSpeed":[],"fulfillmentType":"FC","groupMetaData":{"groupType":null,"groupSubType":null,"numberOfComponents":0,"groupComponents":null},"id":"3WJ8FF8CB3Q8","itemType":null,"usItemId":"49909697","image":"https://i5.walmartimages.com/asr/e2c3d26e-cf19-4ab4-8b3e-8cd4f4e36fed.ac362fd4ff4b536e4d16b2b8392d992e.jpeg?odnHeight=180\u0026odnWidth=180\u0026odnBg=ffffff","isOutOfStock":false,"esrb":"","mediaRating":"","name":"Cheetos Puffs Flamin' Hot Cheese Flavored Snacks, 8 oz","price":3.48,"preOrder":{"isPreOrder":false,"preOrderMessage":null,"preOrderStreetDateMessage":null},"priceInfo":{"itemPrice":"","linePrice":"$3.48","wasPrice":"","unitPrice":"43.5 ¢/oz","shipPrice":"","minPrice":0,"minPriceForVariant":"","subscriptionPrice":"","subscriptionString":"","priceDisplayCondition":"","finalCostByWeight":false,"submapType":""},"rating":{"averageRating":4.5,"numberOfReviews":165},"salesUnit":"EACH","variantList":[],"isVariantTypeSwatch":false,"brand":null,"manufacturerName":null,"offerId":"A82CDED669244140AE8B90DCA537FEC5","fitmentLabel":"","isAtfMarker":false,"sellerId":"F55CDC31AB754BB68FE0B39041159D63","sellerName":"Walmart.com","hasSellerBadge":null,"seller":{"name":"Walmart.com","sellerId":"F55CDC31AB754BB68FE0B39041159D63"},"sponsoredProduct":null,"checkStoreAvailabilityATC":false,"seeShippingEligibility":false,"rewards":null},{"__typename":"Product","availabilityStatusDisplayValue":"In stock","productLocationDisplayValue":null,"externalInfoUrl":"","canonicalUrl":"/ip/Tostitos-Flavored-Tortilla-Chips-Hint-of-Lime-11-Oz/812309368","canAddToCart":true,"showOptions":false,"showBuyNow":false,"description":"\u003cli\u003eZesty lime flavor\u003c/li\u003e\u003cli\u003ePerfect for dipping\u003c/li\u003e\u003cli\u003eNo artificial flavors or preservatives\u003c/li\u003e\u003cli\u003eLarge bag is great for sharing\u003c/li\u003e","flag":"","badge":{"text":"","id":"","type":"","key":""},"fulfillmentBadges":["Pickup","Delivery","1-day shipping"],"fulfillmentIcon":{"key":"SAVE_WITH_W_PLUS","label":"Save with"},"fulfillmentBadge":"Today","fulfillmentSpeed":["TODAY"],"fulfillmentType":"STORE","groupMetaData":{"groupType":null,"groupSubType":null,"numberOfComponents":0,"groupComponents":null},"id":"3J3VBFL26O90","itemType":null,"usItemId":"812309368","image":"https://i5.walmartimages.com/asr/0e59ca77-2b64-4231-a7fb-fbfac571134b.ed7a87d9e8b888edf9bcf3341e8aedbc.jpeg?odnHeight=180\u0026odnWidth=180\u0026odnBg=ffffff","isOutOfStock":false,"esrb":"","mediaRating":"","name":"Tostitos Flavored Tortilla Chips Hint of Lime, 11 Oz","price":3.48,"preOrder":{"isPreOrder":false,"preOrderMessage":null,"preOrderStreetDateMessage":null},"priceInfo":{"itemPrice":"","linePrice":"$3.48","wasPrice":"","unitPrice":"31.6 ¢/oz","shipPrice":"","minPrice":0,"minPriceForVariant":"","subscriptionPrice":"","subscriptionString":"","priceDisplayCondition":"","finalCostByWeight":false,"submapType":""},"rating":{"averageRating":3.9,"numberOfReviews":44},"salesUnit":"EACH","variantList":[],"isVariantTypeSwatch":false,"brand":null,"manufacturerName":null,"offerId":"037F454CDECC406B9AF30B1375FF7F0F","fitmentLabel":"","isAtfMarker":false,"sellerId":"F55CDC31AB754BB68FE0B39041159D63","sellerName":"Walmart.com","hasSellerBadge":null,"seller":{"name":"Walmart.com","sellerId":"F55CDC31AB754BB68FE0B39041159D63"},"sponsoredProduct":null,"checkStoreAvailabilityATC":false,"seeShippingEligibility":false,"rewards":null},{"__typename":"Product","availabilityStatusDisplayValue":"In stock","productLocationDisplayValue":null,"externalInfoUrl":"","canonicalUrl":"/ip/Great-Value-Cheese-Dip-Breadsticks-Snacks-1-oz-5-Count/13281897","canAddToCart":true,"showOptions":false,"showBuyNow":false,"description":"\u003cli\u003e5 individual snack packs per container\u003c/li\u003e\u003cli\u003e100 calories per snack\u003c/li\u003e\u003cli\u003eZero trans fat\u003c/li\u003e","flag":"","badge":{"text":"","id":"","type":"","key":""},"fulfillmentBadges":["Pickup","Delivery","1-day shipping"],"fulfillmentIcon":{"key":"SAVE_WITH_W_PLUS","label":"Save with"},"fulfillmentBadge":"Today","fulfillmentSpeed":["TODAY"],"fulfillmentType":"STORE","groupMetaData":{"groupType":null,"groupSubType":null,"numberOfComponents":0,"groupComponents":null},"id":"5HYFQR8F52TL","itemType":null,"usItemId":"13281897","image":"https://i5.walmartimages.com/asr/d6407932-b82a-473e-b350-1ac92ae3bba7_1.62c103444c9d55dafe0ea8d3e52a8e81.jpeg?odnHeight=180\u0026odnWidth=180\u0026odnBg=ffffff","isOutOfStock":false,"esrb":"","mediaRating":"","name":"Great Value Cheese Dip \u0026 Breadsticks Snacks, 1 oz, 5 Count","price":1.4,"preOrder":{"isPreOrder":false,"preOrderMessage":null,"preOrderStreetDateMessage":null},"priceInfo":{"itemPrice":"","linePrice":"$1.40","wasPrice":"","unitPrice":"28.0 ¢/oz","shipPrice":"","minPrice":0,"minPriceForVariant":"","subscriptionPrice":"","subscriptionString":"","priceDisplayCondition":"","finalCostByWeight":false,"submapType":""},"rating":{"averageRating":4.4,"numberOfReviews":152},"salesUnit":"EACH","variantList":[],"isVariantTypeSwatch":false,"brand":null,"manufacturerName":null,"offerId":"D0B459AD1EDA4392AA9912E577EBB5C9","fitmentLabel":"","isAtfMarker":false,"sellerId":"F55CDC31AB754BB68FE0B39041159D63","sellerName":"Walmart.com","hasSellerBadge":null,"seller":{"name":"Walmart.com","sellerId":"F55CDC31AB754BB68FE0B39041159D63"},"sponsoredProduct":null,"checkStoreAvailabilityATC":false,"seeShippingEligibility":false,"rewards":null},{"__typename":"Product","availabilityStatusDisplayValue":"In stock","productLocationDisplayValue":null,"externalInfoUrl":"","canonicalUrl":"/ip/Simply-Cheetos-Puffs-Cheese-Flavored-Snacks-White-Cheddar-8-Oz/10900155","canAddToCart":true,"showOptions":false,"showBuyNow":false,"description":"\u003cli\u003e8.0-ounce bag for sharing\u003c/li\u003e\u003cli\u003eDangerously cheesy white cheddar cheese flavor\u003c/li\u003e\u003cli\u003eMade with real cheese\u003c/li\u003e\u003cli\u003eSatisfying crunch with every bite\u003c/li\u003e\u003cli\u003ePerfect for parties and\u003c/li\u003e","flag":"","badge":{"text":"","id":"","type":"","key":""},"fulfillmentBadges":["1-day shipping"],"fulfillmentIcon":{"key":"SAVE_WITH_W_PLUS","label":"Save with"},"fulfillmentBadge":"Tomorrow","fulfillmentSpeed":["TOMORROW"],"fulfillmentType":"FC","groupMetaData":{"groupType":null,"groupSubType":null,"numberOfComponents":0,"groupComponents":null},"id":"2MHIERRRBSOG","itemType":null,"usItemId":"10900155","image":"https://i5.walmartimages.com/asr/662a3b59-8db7-4145-bb6b-222e3b6e6756_1.ec74f1beb33da28580d87d2b0d2f9a86.jpeg?odnHeight=180\u0026odnWidth=180\u0026odnBg=ffffff","isOutOfStock":false,"esrb":"","mediaRating":"","name":"Simply Cheetos Puffs Cheese Flavored Snacks, White Cheddar, 8 Oz","price":3.28,"preOrder":{"isPreOrder":false,"preOrderMessage":null,"preOrderStreetDateMessage":null},"priceInfo":{"itemPrice":"","linePrice":"$3.28","wasPrice":"","unitPrice":"41.0 ¢/oz","shipPrice":"","minPrice":0,"minPriceForVariant":"","subscriptionPrice":"","subscriptionString":"","priceDisplayCondition":"","finalCostByWeight":false,"submapType":""},"rating":{"averageRating":4.6,"numberOfReviews":296},"salesUnit":"EACH","variantList":[],"isVariantTypeSwatch":false,"brand":null,"manufacturerName":null,"offerId":"03A2AB3A0ED44A96AFC9DA96F113CA7D","fitmentLabel":"","isAtfMarker":false,"sellerId":"F55CDC31AB754BB68FE0B39041159D63","sellerName":"Walmart.com","hasSellerBadge":null,"seller":{"name":"Walmart.com","sellerId":"F55CDC31AB754BB68FE0B39041159D63"},"sponsoredProduct":null,"checkStoreAvailabilityATC":false,"seeShippingEligibility":false,"rewards":null},{"__typename":"Product","availabilityStatusDisplayValue":"In stock","productLocationDisplayValue":null,"externalInfoUrl":"","canonicalUrl":"/ip/Lay-s-Potato-Chips-Sour-Cream-Onion-Flavored-12-5-oz/664636414","canAddToCart":true,"showOptions":false,"showBuyNow":false,"description":"\u003cli\u003eDelicious sour cream \u0026 onion flavor\u003c/li\u003e\u003cli\u003eParty size bag is perfect for sharing\u003c/li\u003e\u003cli\u003eNo artificial flavors\u003c/li\u003e\u003cli\u003eCreamy, savory, crispy and delicious!\u003c/li\u003e","flag":"","badge":{"text":"","id":"","type":"","key":""},"fulfillmentBadges":["Pickup","Delivery","1-day shipping"],"fulfillmentIcon":{"key":"SAVE_WITH_W_PLUS","label":"Save with"},"fulfillmentBadge":"Today","fulfillmentSpeed":["TODAY"],"fulfillmentType":"STORE","groupMetaData":{"groupType":null,"groupSubType":null,"numberOfComponents":0,"groupComponents":null},"id":"18T30UJ3DPY6","itemType":null,"usItemId":"664636414","image":"https://i5.walmartimages.com/asr/8bebe3af-bfc6-4f7f-8559-bb6128d263e8.93c5c990b5857fc073b3ac79e45bb580.jpeg?odnHeight=180\u0026odnWidth=180\u0026odnBg=ffffff","isOutOfStock":false,"esrb":"","mediaRating":"","name":"Lay's Potato Chips, Sour Cream \u0026 Onion Flavored, 12.5 oz","price":4.48,"preOrder":{"isPreOrder":false,"preOrderMessage":null,"preOrderStreetDateMessage":null},"priceInfo":{"itemPrice":"","linePrice":"$4.48","wasPrice":"","unitPrice":"35.8 ¢/oz","shipPrice":"","minPrice":0,"minPriceForVariant":"","subscriptionPrice":"","subscriptionString":"","priceDisplayCondition":"","finalCostByWeight":false,"submapType":""},"rating":{"averageRating":4.3,"numberOfReviews":443},"salesUnit":"EACH","variantList":[],"isVariantTypeSwatch":false,"brand":null,"manufacturerName":null,"offerId":"334ED974B4114DCA964E87240F7E7D8D","fitmentLabel":"","isAtfMarker":false,"sellerId":"F55CDC31AB754BB68FE0B39041159D63","sellerName":"Walmart.com","hasSellerBadge":null,"seller":{"name":"Walmart.com","sellerId":"F55CDC31AB754BB68FE0B39041159D63"},"sponsoredProduct":null,"checkStoreAvailabilityATC":false,"seeShippingEligibility":false,"rewards":null},{"__typename":"Product","availabilityStatusDisplayValue":"In stock","productLocationDisplayValue":null,"externalInfoUrl":"","canonicalUrl":"/ip/Frito-Lay-Flamin-Hot-Mix-Snacks-Variety-Pack-18-Count-Assortment-may-vary/895289804","canAddToCart":true,"showOptions":false,"showBuyNow":false,"description":"coming soon","flag":"","badge":{"text":"","id":"","type":"","key":""},"fulfillmentBadges":["3+ day shipping"],"fulfillmentBadge":"","fulfillmentSpeed":[],"fulfillmentType":"MARKETPLACE","groupMetaData":{"groupType":null,"groupSubType":null,"numberOfComponents":0,"groupComponents":null},"id":"1GHPHY9D1GP3","itemType":null,"usItemId":"895289804","image":"https://i5.walmartimages.com/asr/79adcb0e-53bc-41a8-9f94-d1bafd5b75b8.360013851e5ab50cef1390d7791c2ce2.jpeg?odnHeight=180\u0026odnWidth=180\u0026odnBg=ffffff","isOutOfStock":false,"esrb":"","mediaRating":"","name":"Frito-Lay Flamin' Hot Mix Snacks Variety Pack, 18 Count (Assortment may vary)","price":22.55,"preOrder":{"isPreOrder":false,"preOrderMessage":null,"preOrderStreetDateMessage":null},"priceInfo":{"itemPrice":"","linePrice":"$22.55","wasPrice":"","unitPrice":"","shipPrice":"","minPrice":0,"minPriceForVariant":"","subscriptionPrice":"","subscriptionString":"","priceDisplayCondition":"","finalCostByWeight":false,"submapType":""},"rating":{"averageRating":4.4,"numberOfReviews":186},"salesUnit":"EACH","variantList":[],"isVariantTypeSwatch":false,"brand":null,"manufacturerName":null,"offerId":"E5A4564E0BEC41DDB97A2C9C7CB0B455","fitmentLabel":"","isAtfMarker":false,"sellerId":"D9B49BFEF3A94BBF9F404EDE706AD50B","sellerName":"ShopOx","hasSellerBadge":null,"seller":{"name":"ShopOx","sellerId":"D9B49BFEF3A94BBF9F404EDE706AD50B"},"sponsoredProduct":null,"checkStoreAvailabilityATC":false,"seeShippingEligibility":false,"rewards":null},{"__typename":"Product","availabilityStatusDisplayValue":"In stock","productLocationDisplayValue":null,"externalInfoUrl":"","canonicalUrl":"/ip/Pringles-Potato-Crisps-Chips-Lunch-Snacks-Office-and-Kids-Snacks-Variety-Pack-27-Ct-19-5-Oz-Box/453387822","canAddToCart":true,"showOptions":false,"showBuyNow":false,"description":"\u003cli\u003eIncludes 27, 0.67- or 0.74-ounce cups of potato crisps\u003c/li\u003e","flag":"","badge":{"text":"","id":"","type":"","key":""},"fulfillmentBadges":["Pickup","Delivery","1-day shipping"],"fulfillmentIcon":{"key":"SAVE_WITH_W_PLUS","label":"Save with"},"fulfillmentBadge":"Today","fulfillmentSpeed":["TODAY"],"fulfillmentType":"STORE","groupMetaData":{"groupType":null,"groupSubType":null,"numberOfComponents":0,"groupComponents":null},"id":"1DFVRYXM5L1E","itemType":null,"usItemId":"453387822","image":"https://i5.walmartimages.com/asr/85eb57be-20d4-4438-8509-39e982c6e1ae.eae8bfc3234939f36ca50bd1f87a103b.jpeg?odnHeight=180\u0026odnWidth=180\u0026odnBg=ffffff","isOutOfStock":false,"esrb":"","mediaRating":"","name":"Pringles Potato Crisps Chips, Lunch Snacks, Office and Kids Snacks, Variety Pack, 27 Ct, 19.5 Oz, Box","price":11.38,"preOrder":{"isPreOrder":false,"preOrderMessage":null,"preOrderStreetDateMessage":null},"priceInfo":{"itemPrice":"","linePrice":"$11.38","wasPrice":"","unitPrice":"58.4 ¢/oz","shipPrice":"","minPrice":0,"minPriceForVariant":"","subscriptionPrice":"","subscriptionString":"","priceDisplayCondition":"","finalCostByWeight":false,"submapType":""},"rating":{"averageRating":4.5,"numberOfReviews":910},"salesUnit":"EACH","variantList":[],"isVariantTypeSwatch":false,"brand":null,"manufacturerName":null,"offerId":"58E5B4B23D924A2CA52B4D3E0FCA69BD","fitmentLabel":"","isAtfMarker":false,"sellerId":"F55CDC31AB754BB68FE0B39041159D63","sellerName":"Walmart.com","hasSellerBadge":null,"seller":{"name":"Walmart.com","sellerId":"F55CDC31AB754BB68FE0B39041159D63"},"sponsoredProduct":null,"checkStoreAvailabilityATC":false,"seeShippingEligibility":false,"rewards":null},{"__typename":"Product","availabilityStatusDisplayValue":"In stock","productLocationDisplayValue":null,"externalInfoUrl":"","canonicalUrl":"/ip/Lay-s-Wavy-Potato-Chips-Original-Flavor-7-75-oz-Bag/476979874","canAddToCart":true,"showOptions":false,"showBuyNow":false,"description":"\u003cli\u003eMade with just 3 ingredients: potatoes, oil and salt\u003c/li\u003e\u003cli\u003eLarge bag is perfect for sharing\u003c/li\u003e\u003cli\u003eA tasty snack for the whole family to enjoy\u003c/li\u003e\u003cli\u003eWavy texture is perfect for dipping\u003c/li\u003e","flag":"","badge":{"text":"","id":"","type":"","key":""},"fulfillmentBadges":["Pickup","Delivery","1-day shipping"],"fulfillmentIcon":{"key":"SAVE_WITH_W_PLUS","label":"Save with"},"fulfillmentBadge":"Today","fulfillmentSpeed":["TODAY"],"fulfillmentType":"STORE","groupMetaData":{"groupType":null,"groupSubType":null,"numberOfComponents":0,"groupComponents":null},"id":"1Q2Y1LI376CO","itemType":null,"usItemId":"476979874","image":"https://i5.walmartimages.com/asr/e7473140-3149-486e-8acd-6e0a200c54e7.5a2348c91640f939b1238500c2212a49.jpeg?odnHeight=180\u0026odnWidth=180\u0026odnBg=ffffff","isOutOfStock":false,"esrb":"","mediaRating":"","name":"Lay's Wavy Potato Chips, Original Flavor, 7.75 oz Bag","price":2.98,"preOrder":{"isPreOrder":false,"preOrderMessage":null,"preOrderStreetDateMessage":null},"priceInfo":{"itemPrice":"","linePrice":"$2.98","wasPrice":"","unitPrice":"38.5 ¢/oz","shipPrice":"","minPrice":0,"minPriceForVariant":"","subscriptionPrice":"","subscriptionString":"","priceDisplayCondition":"","finalCostByWeight":false,"submapType":""},"rating":{"averageRating":4.5,"numberOfReviews":396},"salesUnit":"EACH","variantList":[],"isVariantTypeSwatch":false,"brand":null,"manufacturerName":null,"offerId":"49FE9E90AB55418FA6420859D94EA821","fitmentLabel":"","isAtfMarker":false,"sellerId":"F55CDC31AB754BB68FE0B39041159D63","sellerName":"Walmart.com","hasSellerBadge":null,"seller":{"name":"Walmart.com","sellerId":"F55CDC31AB754BB68FE0B39041159D63"},"sponsoredProduct":null,"checkStoreAvailabilityATC":false,"seeShippingEligibility":false,"rewards":null},{"__typename":"Product","availabilityStatusDisplayValue":"In stock","productLocationDisplayValue":null,"externalInfoUrl":"","canonicalUrl":"/ip/Pringles-Potato-Crisps-Chips-Lunch-Snacks-Pizza-5-5-Oz-Can/158390978","canAddToCart":true,"showOptions":false,"showBuyNow":false,"description":"\u003cli\u003eIncludes 1, 5.5-ounce can of ready to eat potato crisps\u003c/li\u003e","flag":"","badge":{"text":"","id":"","type":"","key":""},"fulfillmentBadges":["Pickup","Delivery","1-day shipping"],"fulfillmentIcon":{"key":"SAVE_WITH_W_PLUS","label":"Save with"},"fulfillmentBadge":"Today","fulfillmentSpeed":["TODAY"],"fulfillmentType":"STORE","groupMetaData":{"groupType":null,"groupSubType":null,"numberOfComponents":0,"groupComponents":null},"id":"2V6WTQU9Z8IP","itemType":null,"usItemId":"158390978","image":"https://i5.walmartimages.com/asr/8f6679cf-1b85-46dd-9af8-1151136d7f1e.1b9b6c38a1484f4ffaf0c3469cc11411.jpeg?odnHeight=180\u0026odnWidth=180\u0026odnBg=ffffff","isOutOfStock":false,"esrb":"","mediaRating":"","name":"Pringles Potato Crisps Chips, Lunch Snacks, Pizza, 5.5 Oz, Can","price":1.78,"preOrder":{"isPreOrder":false,"preOrderMessage":null,"preOrderStreetDateMessage":null},"priceInfo":{"itemPrice":"","linePrice":"$1.78","wasPrice":"","unitPrice":"32.4 ¢/oz","shipPrice":"","minPrice":0,"minPriceForVariant":"","subscriptionPrice":"","subscriptionString":"","priceDisplayCondition":"","finalCostByWeight":false,"submapType":""},"rating":{"averageRating":4.3,"numberOfReviews":152},"salesUnit":"EACH","variantList":[],"isVariantTypeSwatch":false,"brand":null,"manufacturerName":null,"offerId":"5D91489F4BBC466195C31F745D240AC8","fitmentLabel":"","isAtfMarker":false,"sellerId":"F55CDC31AB754BB68FE0B39041159D63","sellerName":"Walmart.com","hasSellerBadge":null,"seller":{"name":"Walmart.com","sellerId":"F55CDC31AB754BB68FE0B39041159D63"},"sponsoredProduct":null,"checkStoreAvailabilityATC":false,"seeShippingEligibility":false,"rewards":null},{"__typename":"Product","availabilityStatusDisplayValue":"In stock","productLocationDisplayValue":null,"externalInfoUrl":"","canonicalUrl":"/ip/Doritos-Cool-Ranch-Flavored-Tortilla-Chips-9-25-oz-Bag/669602404","canAddToCart":true,"showOptions":false,"showBuyNow":false,"description":"\u003cli\u003eDelicious Cool Ranch flavor\u003c/li\u003e\u003cli\u003eFlavor on Another Level\u003c/li\u003e\u003cli\u003eLarge bag is perfect for sharing\u003c/li\u003e","flag":"","badge":{"text":"","id":"","type":"","key":""},"fulfillmentBadges":["Pickup","Delivery","1-day shipping"],"fulfillmentIcon":{"key":"SAVE_WITH_W_PLUS","label":"Save with"},"fulfillmentBadge":"Today","fulfillmentSpeed":["TODAY"],"fulfillmentType":"STORE","groupMetaData":{"groupType":null,"groupSubType":null,"numberOfComponents":0,"groupComponents":null},"id":"6M97HTYOXB5U","itemType":null,"usItemId":"669602404","image":"https://i5.walmartimages.com/asr/0d5cc977-b736-40d0-89f0-fac5ffdaa47a.a209cd1e4c8ae8bfd9600225f0191cb5.jpeg?odnHeight=180\u0026odnWidth=180\u0026odnBg=ffffff","isOutOfStock":false,"esrb":"","mediaRating":"","name":"Doritos Cool Ranch Flavored Tortilla Chips, 9.25 oz Bag","price":3.48,"preOrder":{"isPreOrder":false,"preOrderMessage":null,"preOrderStreetDateMessage":null},"priceInfo":{"itemPrice":"","linePrice":"$3.48","wasPrice":"","unitPrice":"37.4 ¢/oz","shipPrice":"","minPrice":0,"minPriceForVariant":"","subscriptionPrice":"","subscriptionString":"","priceDisplayCondition":"","finalCostByWeight":false,"submapType":""},"rating":{"averageRating":3.7,"numberOfReviews":39},"salesUnit":"EACH","variantList":[],"isVariantTypeSwatch":false,"brand":null,"manufacturerName":null,"offerId":"104890E6A38A45FDA3FC3C7823A21C1B","fitmentLabel":"","isAtfMarker":false,"sellerId":"F55CDC31AB754BB68FE0B39041159D63","sellerName":"Walmart.com","hasSellerBadge":null,"seller":{"name":"Walmart.com","sellerId":"F55CDC31AB754BB68FE0B39041159D63"},"sponsoredProduct":null,"checkStoreAvailabilityATC":false,"seeShippingEligibility":false,"rewards":null},{"__typename":"Product","availabilityStatusDisplayValue":"In stock","productLocationDisplayValue":null,"externalInfoUrl":"","canonicalUrl":"/ip/Lay-s-Potato-Chips-Dill-Pickle-Flavor-7-75-oz-Bag/33571859","canAddToCart":true,"showOptions":false,"showBuyNow":false,"description":"\u003cli\u003eDelicious dill pickle flavor\u003c/li\u003e\u003cli\u003eLarge bag is perfect for sharing\u003c/li\u003e\u003cli\u003eA tasty snack for the whole family to enjoy\u003c/li\u003e\u003cli\u003ePackaging may vary\u003c/li\u003e","flag":"","badge":{"text":"","id":"","type":"","key":""},"fulfillmentBadges":["3+ day shipping"],"fulfillmentBadge":"","fulfillmentSpeed":[],"fulfillmentType":"MARKETPLACE","groupMetaData":{"groupType":null,"groupSubType":null,"numberOfComponents":0,"groupComponents":null},"id":"1ZBYVF4UNO01","itemType":null,"usItemId":"33571859","image":"https://i5.walmartimages.com/asr/5968a83c-c32c-4f1a-8d3e-5d7fa3267661.9e6102af354031884d32afa25c6c4509.jpeg?odnHeight=180\u0026odnWidth=180\u0026odnBg=ffffff","isOutOfStock":false,"esrb":"","mediaRating":"","name":"Lay's Potato Chips, Dill Pickle Flavor, 7.75 oz Bag","price":13.5,"preOrder":{"isPreOrder":false,"preOrderMessage":null,"preOrderStreetDateMessage":null},"priceInfo":{"itemPrice":"","linePrice":"$13.50","wasPrice":"","unitPrice":"","shipPrice":"","minPrice":0,"minPriceForVariant":"","subscriptionPrice":"","subscriptionString":"","priceDisplayCondition":"","finalCostByWeight":false,"submapType":""},"rating":{"averageRating":4.6,"numberOfReviews":367},"salesUnit":"EACH","variantList":[],"isVariantTypeSwatch":false,"brand":null,"manufacturerName":null,"offerId":"20130D70DA454AB79F5DBFB40F380337","fitmentLabel":"","isAtfMarker":false,"sellerId":"AA712FF87378490A85362AFF2CF23685","sellerName":"Speedy sale co llc","hasSellerBadge":null,"seller":{"name":"Speedy sale co llc","sellerId":"AA712FF87378490A85362AFF2CF23685"},"sponsoredProduct":null,"checkStoreAvailabilityATC":false,"seeShippingEligibility":false,"rewards":null},{"__typename":"Product","availabilityStatusDisplayValue":"In stock","productLocationDisplayValue":null,"externalInfoUrl":"","canonicalUrl":"/ip/Cheetos-Puffs-Cheese-Flavored-Snacks-Party-Size-13-5-oz-Bag/760705894","canAddToCart":true,"showOptions":false,"showBuyNow":false,"description":"\u003cli\u003eMade with real cheese\u003c/li\u003e\u003cli\u003eParty size bag is perfect for sharing\u003c/li\u003e\u003cli\u003eDeliciously cheesy\u003c/li\u003e\u003cli\u003eBold, cheesy flavor with a light and airy texture\u003c/li\u003e","flag":"","badge":{"text":"","id":"","type":"","key":""},"fulfillmentBadges":["3+ day shipping"],"fulfillmentBadge":"","fulfillmentSpeed":[],"fulfillmentType":"MARKETPLACE","groupMetaData":{"groupType":null,"groupSubType":null,"numberOfComponents":0,"groupComponents":null},"id":"4U52SQK63D1C","itemType":null,"usItemId":"760705894","image":"https://i5.walmartimages.com/asr/08f992d7-e457-4f6c-832f-79099262ea20.5e6404796371b18d55f6166998a83cdd.jpeg?odnHeight=180\u0026odnWidth=180\u0026odnBg=ffffff","isOutOfStock":false,"esrb":"","mediaRating":"","name":"Cheetos Puffs Cheese Flavored Snacks, Party Size, 13.5 oz Bag","price":16.99,"preOrder":{"isPreOrder":false,"preOrderMessage":null,"preOrderStreetDateMessage":null},"priceInfo":{"itemPrice":"","linePrice":"$16.99","wasPrice":"","unitPrice":"","shipPrice":"","minPrice":0,"minPriceForVariant":"","subscriptionPrice":"","subscriptionString":"","priceDisplayCondition":"","finalCostByWeight":false,"submapType":""},"rating":{"averageRating":4.4,"numberOfReviews":790},"salesUnit":"EACH","variantList":[],"isVariantTypeSwatch":false,"brand":null,"manufacturerName":null,"offerId":"D6D9CBFA517344FEB3084B0228BA7589","fitmentLabel":"","isAtfMarker":false,"sellerId":"AA712FF87378490A85362AFF2CF23685","sellerName":"Speedy sale co llc","hasSellerBadge":null,"seller":{"name":"Speedy sale co llc","sellerId":"AA712FF87378490A85362AFF2CF23685"},"sponsoredProduct":null,"checkStoreAvailabilityATC":false,"seeShippingEligibility":false,"rewards":null},{"__typename":"Product","availabilityStatusDisplayValue":"Out of stock","productLocationDisplayValue":null,"externalInfoUrl":"","canonicalUrl":"/ip/Great-Value-Bite-Tortilla-Chips-Party-Size-18-oz/486203982","canAddToCart":false,"showOptions":false,"showBuyNow":false,"description":"\u003cli\u003eGluten free\u003c/li\u003e\u003cli\u003eDip in queso, salsa, or guacamole\u003c/li\u003e\u003cli\u003eTransform into delicious casseroles or appetizers\u003c/li\u003e","flag":"","badge":{"text":"","id":"","type":"","key":""},"fulfillmentBadges":[],"fulfillmentBadge":"","fulfillmentSpeed":[],"fulfillmentType":"STORE","groupMetaData":{"groupType":null,"groupSubType":null,"numberOfComponents":0,"groupComponents":null},"id":"5FLZHLC6K7DV","itemType":null,"usItemId":"486203982","image":"https://i5.walmartimages.com/asr/2732378a-4162-4828-b330-c2f61838b1f8_3.417354bf058c4b45dd0f942959a20434.jpeg?odnHeight=180\u0026odnWidth=180\u0026odnBg=ffffff","isOutOfStock":true,"esrb":"","mediaRating":"","name":"Great Value Bite Tortilla Chips Party Size, 18 oz","price":2.24,"preOrder":{"isPreOrder":false,"preOrderMessage":null,"preOrderStreetDateMessage":null},"priceInfo":{"itemPrice":"","linePrice":"$2.24","wasPrice":"","unitPrice":"12.4 ¢/oz","shipPrice":"","minPrice":0,"minPriceForVariant":"","subscriptionPrice":"","subscriptionString":"","priceDisplayCondition":"","finalCostByWeight":false,"submapType":""},"rating":{"averageRating":4.4,"numberOfReviews":249},"salesUnit":"EACH","variantList":[],"isVariantTypeSwatch":false,"brand":null,"manufacturerName":null,"offerId":"F34EAE1A522D4092A67E9410305A8887","fitmentLabel":"","isAtfMarker":false,"sellerId":"F55CDC31AB754BB68FE0B39041159D63","sellerName":"Walmart.com","hasSellerBadge":null,"seller":{"name":"Walmart.com","sellerId":"F55CDC31AB754BB68FE0B39041159D63"},"sponsoredProduct":null,"checkStoreAvailabilityATC":false,"seeShippingEligibility":false,"rewards":null},{"__typename":"Product","availabilityStatusDisplayValue":"Out of stock","productLocationDisplayValue":null,"externalInfoUrl":"","canonicalUrl":"/ip/Lay-s-Potato-Chips-Lightly-Salted-Classic-Flavor-7-75-oz-Bag/33282308","canAddToCart":false,"showOptions":false,"showBuyNow":false,"description":"\u003cli\u003eMade with 50% less sodium than our original recipe\u003c/li\u003e\u003cli\u003eLarge bag is perfect for sharing\u003c/li\u003e\u003cli\u003eA tasty snack for the whole family to enjoy\u003c/li\u003e\u003cli\u003eOnly 3 ingredients: potatoes, oil and salt\u003c/li\u003e","flag":"","badge":{"text":"","id":"","type":"","key":""},"fulfillmentBadges":[],"fulfillmentBadge":"","fulfillmentSpeed":[],"fulfillmentType":"STORE","groupMetaData":{"groupType":null,"groupSubType":null,"numberOfComponents":0,"groupComponents":null},"id":"1WK9JGGOY6VK","itemType":null,"usItemId":"33282308","image":"https://i5.walmartimages.com/asr/22e70617-f920-497f-904e-47d5ddbc447f.b7d2e948b4b0601e6cddb3cb55c2b413.jpeg?odnHeight=180\u0026odnWidth=180\u0026odnBg=ffffff","isOutOfStock":true,"esrb":"","mediaRating":"","name":"Lay's Potato Chips, Lightly Salted Classic Flavor, 7.75 oz Bag","price":2.5,"preOrder":{"isPreOrder":false,"preOrderMessage":null,"preOrderStreetDateMessage":null},"priceInfo":{"itemPrice":"","linePrice":"$2.50","wasPrice":"","unitPrice":"32.3 ¢/oz","shipPrice":"","minPrice":0,"minPriceForVariant":"","subscriptionPrice":"","subscriptionString":"","priceDisplayCondition":"","finalCostByWeight":false,"submapType":""},"rating":{"averageRating":4.7,"numberOfReviews":602},"salesUnit":"EACH","variantList":[],"isVariantTypeSwatch":false,"brand":null,"manufacturerName":null,"offerId":"E47E0506B39B4DEBA5684E41ED76D7BF","fitmentLabel":"","isAtfMarker":false,"sellerId":"F55CDC31AB754BB68FE0B39041159D63","sellerName":"Walmart.com","hasSellerBadge":null,"seller":{"name":"Walmart.com","sellerId":"F55CDC31AB754BB68FE0B39041159D63"},"sponsoredProduct":null,"checkStoreAvailabilityATC":false,"seeShippingEligibility":false,"rewards":null},{"__typename":"Product","availabilityStatusDisplayValue":"Out of stock","productLocationDisplayValue":null,"externalInfoUrl":"","canonicalUrl":"/ip/Great-Value-Kettle-Cooked-Jalapeno-Flavored-Potato-Chips-8-oz/589274253","canAddToCart":false,"showOptions":false,"showBuyNow":false,"description":"\u003cli\u003e8oz bag\u003c/li\u003e\u003cli\u003eDistinctly crunchy\u003c/li\u003e\u003cli\u003eBold, fresh jalapeno flavor\u003c/li\u003e","flag":"","badge":{"text":"","id":"","type":"","key":""},"fulfillmentBadges":[],"fulfillmentBadge":"","fulfillmentSpeed":[],"fulfillmentType":"STORE","groupMetaData":{"groupType":null,"groupSubType":null,"numberOfComponents":0,"groupComponents":null},"id":"4WH1J7MWN0CN","itemType":null,"usItemId":"589274253","image":"https://i5.walmartimages.com/asr/fa8a2857-42de-4afb-b19f-04fb9e82b53d_2.c5f40c85b8faa5770be1b02c77f18897.jpeg?odnHeight=180\u0026odnWidth=180\u0026odnBg=ffffff","isOutOfStock":true,"esrb":"","mediaRating":"","name":"Great Value Kettle Cooked Jalapeno Flavored Potato Chips, 8 oz","price":1.66,"preOrder":{"isPreOrder":false,"preOrderMessage":null,"preOrderStreetDateMessage":null},"priceInfo":{"itemPrice":"","linePrice":"$1.66","wasPrice":"","unitPrice":"20.8 ¢/oz","shipPrice":"","minPrice":0,"minPriceForVariant":"","subscriptionPrice":"","subscriptionString":"","priceDisplayCondition":"","finalCostByWeight":false,"submapType":""},"rating":{"averageRating":4.4,"numberOfReviews":40},"salesUnit":"EACH","variantList":[],"isVariantTypeSwatch":false,"brand":null,"manufacturerName":null,"offerId":"95E744CC33B34BDEA66C2DE41B13449D","fitmentLabel":"","isAtfMarker":false,"sellerId":"F55CDC31AB754BB68FE0B39041159D63","sellerName":"Walmart.com","hasSellerBadge":null,"seller":{"name":"Walmart.com","sellerId":"F55CDC31AB754BB68FE0B39041159D63"},"sponsoredProduct":null,"checkStoreAvailabilityATC":false,"seeShippingEligibility":false,"rewards":null},{"__typename":"Product","availabilityStatusDisplayValue":"Out of stock","productLocationDisplayValue":null,"externalInfoUrl":"","canonicalUrl":"/ip/Great-Value-Wavy-Lightly-Salted-Original-Potato-Chips-7-5-oz/264372175","canAddToCart":false,"showOptions":false,"showBuyNow":false,"description":"\u003cli\u003e50% less sodium than traditional potato chips\u003c/li\u003e\u003cli\u003eGluten free\u003c/li\u003e\u003cli\u003eIdeal for cookouts, outdoor picnics, and neighborhood block parties\u003c/li\u003e","flag":"","badge":{"text":"","id":"","type":"","key":""},"fulfillmentBadges":[],"fulfillmentBadge":"","fulfillmentSpeed":[],"fulfillmentType":"STORE","groupMetaData":{"groupType":null,"groupSubType":null,"numberOfComponents":0,"groupComponents":null},"id":"6XV9GUWZFMTJ","itemType":null,"usItemId":"264372175","image":"https://i5.walmartimages.com/asr/7ab5f55d-42da-4063-9aa2-25e1c3ce7e92_1.6640e4995a7d4e5ae2b1e40fc34ed4b2.jpeg?odnHeight=180\u0026odnWidth=180\u0026odnBg=ffffff","isOutOfStock":true,"esrb":"","mediaRating":"","name":"Great Value Wavy Lightly Salted Original Potato Chips, 7.5 oz","price":1.54,"preOrder":{"isPreOrder":false,"preOrderMessage":null,"preOrderStreetDateMessage":null},"priceInfo":{"itemPrice":"","linePrice":"$1.54","wasPrice":"","unitPrice":"20.5 ¢/oz","shipPrice":"","minPrice":0,"minPriceForVariant":"","subscriptionPrice":"","subscriptionString":"","priceDisplayCondition":"","finalCostByWeight":false,"submapType":""},"rating":{"averageRating":3.7,"numberOfReviews":51},"salesUnit":"EACH","variantList":[],"isVariantTypeSwatch":false,"brand":null,"manufacturerName":null,"offerId":"4B6066FE015D4A11898D8C3ADA6588A6","fitmentLabel":"","isAtfMarker":false,"sellerId":"F55CDC31AB754BB68FE0B39041159D63","sellerName":"Walmart.com","hasSellerBadge":null,"seller":{"name":"Walmart.com","sellerId":"F55CDC31AB754BB68FE0B39041159D63"},"sponsoredProduct":null,"checkStoreAvailabilityATC":false,"seeShippingEligibility":false,"rewards":null},{"__typename":"Product","availabilityStatusDisplayValue":"Out of stock","productLocationDisplayValue":null,"externalInfoUrl":"","canonicalUrl":"/ip/Great-Value-Thin-Crispy-Cantina-Style-Tortilla-Chips-13-oz/835593418","canAddToCart":false,"showOptions":false,"showBuyNow":false,"description":"\u003cli\u003eThin and Crispy Tortilla Chips\u003c/li\u003e\u003cli\u003eGluten Free\u003c/li\u003e\u003cli\u003eLightly Seasoned\u003c/li\u003e\u003cli\u003eMade with White Corn Masa\u003c/li\u003e","flag":"","badge":{"text":"","id":"","type":"","key":""},"fulfillmentBadges":[],"fulfillmentBadge":"","fulfillmentSpeed":[],"fulfillmentType":"STORE","groupMetaData":{"groupType":null,"groupSubType":null,"numberOfComponents":0,"groupComponents":null},"id":"1UGAP3Q3WI0G","itemType":null,"usItemId":"835593418","image":"https://i5.walmartimages.com/asr/86fddbef-ee35-411d-9008-7915cf92dab5_1.2ee94fe96bbfccbf417763317e41f453.jpeg?odnHeight=180\u0026odnWidth=180\u0026odnBg=ffffff","isOutOfStock":true,"esrb":"","mediaRating":"","name":"Great Value Thin \u0026 Crispy Cantina Style Tortilla Chips, 13 oz","price":1.74,"preOrder":{"isPreOrder":false,"preOrderMessage":null,"preOrderStreetDateMessage":null},"priceInfo":{"itemPrice":"","linePrice":"$1.74","wasPrice":"","unitPrice":"13.4 ¢/oz","shipPrice":"","minPrice":0,"minPriceForVariant":"","subscriptionPrice":"","subscriptionString":"","priceDisplayCondition":"","finalCostByWeight":false,"submapType":""},"rating":{"averageRating":3.8,"numberOfReviews":97},"salesUnit":"EACH","variantList":[],"isVariantTypeSwatch":false,"brand":null,"manufacturerName":null,"offerId":"1A34E42AA0AD487E9570B1331F278CED","fitmentLabel":"","isAtfMarker":false,"sellerId":"F55CDC31AB754BB68FE0B39041159D63","sellerName":"Walmart.com","hasSellerBadge":null,"seller":{"name":"Walmart.com","sellerId":"F55CDC31AB754BB68FE0B39041159D63"},"sponsoredProduct":null,"checkStoreAvailabilityATC":false,"seeShippingEligibility":false,"rewards":null},{"__typename":"Product","availabilityStatusDisplayValue":"Out of stock","productLocationDisplayValue":null,"externalInfoUrl":"","canonicalUrl":"/ip/Cheetos-Crunchy-Flamin-Hot-Limon-Cheese-Snacks-8-5-oz/49909691","canAddToCart":false,"showOptions":false,"showBuyNow":false,"description":"\u003cli\u003ePerfect size bag for stocking up your pantry\u003c/li\u003e\u003cli\u003eRidiculously cheesy snack made with real cheese\u003c/li\u003e\u003cli\u003eGluten free\u003c/li\u003e","flag":"","badge":{"text":"","id":"","type":"","key":""},"fulfillmentBadges":[],"fulfillmentBadge":"","fulfillmentSpeed":[],"fulfillmentType":"STORE","groupMetaData":{"groupType":null,"groupSubType":null,"numberOfComponents":0,"groupComponents":null},"id":"6F8GAKXAG881","itemType":null,"usItemId":"49909691","image":"https://i5.walmartimages.com/asr/5492e1d0-3df8-435c-9ae5-ee3d20e3293e.909fb95808cdcacc351272447d5aca43.jpeg?odnHeight=180\u0026odnWidth=180\u0026odnBg=ffffff","isOutOfStock":true,"esrb":"","mediaRating":"","name":"Cheetos Crunchy Flamin Hot Limon Cheese Snacks, 8.5 oz","price":3.48,"preOrder":{"isPreOrder":false,"preOrderMessage":null,"preOrderStreetDateMessage":null},"priceInfo":{"itemPrice":"","linePrice":"$3.48","wasPrice":"","unitPrice":"40.9 ¢/oz","shipPrice":"","minPrice":0,"minPriceForVariant":"","subscriptionPrice":"","subscriptionString":"","priceDisplayCondition":"","finalCostByWeight":false,"submapType":""},"rating":{"averageRating":4.7,"numberOfReviews":149},"salesUnit":"EACH","variantList":[],"isVariantTypeSwatch":false,"brand":null,"manufacturerName":null,"offerId":"D1115FC06D2D459F95E1BCD94BA1C7AC","fitmentLabel":"","isAtfMarker":false,"sellerId":"F55CDC31AB754BB68FE0B39041159D63","sellerName":"Walmart.com","hasSellerBadge":null,"seller":{"name":"Walmart.com","sellerId":"F55CDC31AB754BB68FE0B39041159D63"},"sponsoredProduct":null,"checkStoreAvailabilityATC":false,"seeShippingEligibility":false,"rewards":null}],"layoutEnum":"GRID"}],"pageMetadata":{"storeSelectionHeader":null,"title":"Chips","canonical":"https://www.walmart.com/browse/food/chips/976759_976787_1001390?page=2","description":"Shop for Chips in Snacks, Cookies \u0026 Chips. Buy products such as Doritos Cool Ranch Flavored Tortilla Chips, Party Size, 14.5 oz Bag at Walmart and save.","location":{"addressId":""}},"paginationV2":{"maxPage":25,"pageProperties":{"ps":"40","affinityOverride":"default","stores":"3081","cat_id":"976759_976787_1001390","page":"2","sort":"best_match","displayGuidedNav":true}},"requestContext":{"vertical":null,"isFitmentFilterQueryApplied":false,"searchMatchType":"{\"trn\":0,\"eo\":\"N\",\"id\":\"CuerHPKBJT36fAKJHVKl3x-EMt4itNqAXMVc\",\"ppABTest\":true}","categories":{"id":"976759_976787_1001390","name":"Chips"}},"errorResponse":{"correlationId":"CuerHPKBJT36fAKJHVKl3x-EMt4itNqAXMVc","source":"sis","errorCodes":null,"errors":[]},"modules":null,"count":48,"gridItemsCount":48,"catInfo":{"catId":"976759_976787_1001390","name":"Chips"}},"seoMetaData":{"metaTitle":"Chips – Walmart.com","metaDesc":"Shop for Chips at Walmart.com and choose from popular chip brands like Lay's, Frito-Lay, Doritos, Cheetos, and Ruffles for less. Save money. Live better.","metaCanon":"https://www.walmart.com/browse/food/chips/976759_976787_1001390","h1":"Chips – Walmart.com"},"pageMetadata":{"location":{"pickupStore":"3081","deliveryStore":"3081","intent":"SHIPPING","postalCode":"95829","stateOrProvinceCode":"CA","city":"Sacramento","storeId":"3081","accessPointId":null,"accessType":null},"pageContext":{"browseContext":{"cat_id":"/976759/976787/1001390","cat_path_name":"/Food/Snacks, Cookies \u0026 Chips/Chips"}}}},"initialSearchQueryVariables":{"id":"","dealsId":"","query":"","page":2,"prg":"desktop","catId":"976759_976787_1001390","facet":"","sort":"best_match","rawFacet":"","seoPath":"","ps":40,"ptss":"","trsp":"","beShelfId":"","recall_set":"","module_search":"","min_price":"","max_price":"","storeSlotBooked":"","additionalQueryParams":{"hidden_facet":null,"translation":null},"searchArgs":{"query":"","cat_id":"976759_976787_1001390","prg":"desktop","facet":""},"fitmentFieldParams":null,"fitmentSearchParams":{"id":"","dealsId":"","query":"","page":2,"prg":"desktop","catId":"976759_976787_1001390","facet":"","sort":"best_match","rawFacet":"","seoPath":"","ps":40,"ptss":"","trsp":"","beShelfId":"","recall_set":"","module_search":"","min_price":"","max_price":"","storeSlotBooked":"","additionalQueryParams":{"hidden_facet":null,"translation":null},"searchArgs":{"query":"","cat_id":"976759_976787_1001390","prg":"desktop","facet":""},"cat_id":"976759_976787_1001390","_be_shelf_id":""},"fetchMarquee":true,"fetchSkyline":true,"fetchSbaTop":false,"tenant":"WM_GLASS","enablePortableFacets":false},"psych":{"isMobile":false,"isBot":false},"isomorphicSessionId":"3e_lK9NDsYnvjq5Ob3rNs","trace":{"traceId":"b02d1646dd74b1bffc7f575ea3abefc2","spanId":"844b8d0bc3ef2426","traceFlags":1},"isCaching":false,"queryContextCacheId":4451,"bootstrapData":{"account":{"data":{"account":null}},"cart":null,"header":{"data":{"contentLayout":{"modules":[]}},"headers":{}},"footer":{"data":{"location":{"status":true,"postalCode":"95829","nodeId":"3081","errors":[],"shippingAddress":{"addressId":null,"addressLineOne":null,"addressLineTwo":null,"city":"Sacramento","stateOrProvinceCode":"CA","postalCode":"95829"},"pickupNode":{"nodeId":"3081","displayName":"Sacramento Supercenter","addressLineOne":"8915 Gerber Road","city":"Sacramento","stateOrProvinceCode":"CA","postalCode":"95829","accessPointId":null}},"contentLayout":{"modules":[{"name":"GlobalFooterLinks Module,","type":"GlobalFooterLinks","matchedTrigger":{"zone":"footerZone1"},"configs":{"subLinks":[{"link":{"linkText":"All Departments","title":"All Departments","clickThrough":{"type":"url","value":"/all-departments","rawValue":"/all-departments"},"uid":"zuC8vwt4"},"isSFLink":"False","openInNewTab":"False"},{"link":{"linkText":"Store Directory","title":"Store Directory","clickThrough":{"type":"url","value":"/store/directory","rawValue":"/store/directory"},"uid":"H35X2opY"},"isSFLink":"False","openInNewTab":"True"},{"link":{"linkText":"Careers","title":"Careers","clickThrough":{"type":"url","value":"https://careers.walmart.com/","rawValue":"https://careers.walmart.com/"},"uid":"3JvzlnuM"},"isSFLink":"False","openInNewTab":"True"},{"link":{"linkText":"Our Company","title":"Our Company","clickThrough":{"type":"url","value":"https://corporate.walmart.com/","rawValue":"https://corporate.walmart.com/"},"uid":"8ScthXgM"},"isSFLink":"False","openInNewTab":"True"},{"link":{"linkText":"Sell on Walmart.com","title":"Sell on Walmart.com","clickThrough":{"type":"url","value":"https://marketplace.walmart.com/?utm_source=Walmart.com\u0026utm_medium=link\u0026utm_campaign=footer","rawValue":"https://marketplace.walmart.com/?utm_source=Walmart.com\u0026utm_medium=link\u0026utm_campaign=footer"},"uid":"yJ4Ohzsq"},"isSFLink":"False","openInNewTab":"True"},{"link":{"linkText":"Help","title":"Help","clickThrough":{"type":"url","value":"/help","rawValue":"/help"},"uid":"3Owhn3cK"},"isSFLink":"False","openInNewTab":"False"},{"link":{"linkText":"COVID-19 Vaccine Scheduler","title":"COVID-19 Vaccine Scheduler","clickThrough":{"type":"url","value":"https://www.walmart.com/cp/flu-shots-immunizations/1228302","rawValue":"https://www.walmart.com/cp/flu-shots-immunizations/1228302"},"uid":"qCVduDBX"},"isSFLink":"False","openInNewTab":"False"},{"link":{"linkText":"Product Recalls","title":"Product Recalls","clickThrough":{"type":"url","value":"https://corporate.walmart.com/recalls","rawValue":"https://corporate.walmart.com/recalls"},"uid":"zvFmPeD9"},"isSFLink":"False","openInNewTab":"True"},{"link":{"linkText":"Accessibility","title":"Accessibility","clickThrough":{"type":"url","value":"https://www.walmart.com/help/article/responsible-disclosure-and-accessibility-policies/0f173dab8bd942da84b1cd7ab5ffc3cb","rawValue":"https://www.walmart.com/help/article/responsible-disclosure-and-accessibility-policies/0f173dab8bd942da84b1cd7ab5ffc3cb"},"uid":"S48bZs6T"},"isSFLink":"True","openInNewTab":"True"},{"link":{"linkText":"Tax Exempt Program","title":"Tax Exempt Program","clickThrough":{"type":"url","value":"https://www.walmart.com/taxexempt/","rawValue":"https://www.walmart.com/taxexempt/"},"uid":"UDNi8zSy"},"isSFLink":"False","openInNewTab":"True"},{"link":{"linkText":"Get the Walmart App","title":"Get the Walmart App","clickThrough":{"type":"url","value":"https://walmart.onelink.me/UIev?pid=walmart.com\u0026af_web_dp=https%3A%2F%2Fwww.walmart.com%2Fcp%2Fwalmart-mobile-app%2F1087865\u0026c=Walmart.com%20Site%20Footer\u0026af_dp=walmart%3A%2F%2F","rawValue":"https://walmart.onelink.me/UIev?pid=walmart.com\u0026af_web_dp=https%3A%2F%2Fwww.walmart.com%2Fcp%2Fwalmart-mobile-app%2F1087865\u0026c=Walmart.com%20Site%20Footer\u0026af_dp=walmart%3A%2F%2F"},"uid":"E0SzbKzK"},"isSFLink":"False","openInNewTab":"False"},{"link":{"linkText":"Sign-up for Email","title":"Sign-up for Email","clickThrough":{"type":"url","value":"https://www.walmart.com/account/communications-and-privacy?section=marketingemails","rawValue":"https://www.walmart.com/account/communications-and-privacy?section=marketingemails"},"uid":"7Lhnk2mS"},"isSFLink":"False","openInNewTab":"False"},{"link":{"linkText":"Terms of Use","title":"Terms of Use","clickThrough":{"type":"url","value":"/help/article/walmart-com-terms-of-use/3b75080af40340d6bbd596f116fae5a0","rawValue":"/help/article/walmart-com-terms-of-use/3b75080af40340d6bbd596f116fae5a0"},"uid":"0zMqEcVI"},"isSFLink":"False","openInNewTab":"False"},{"link":{"linkText":"Privacy \u0026 Security","title":"Privacy \u0026 Security","clickThrough":{"type":"url","value":"https://corporate.walmart.com/privacy-security","rawValue":"https://corporate.walmart.com/privacy-security"},"uid":"v8SRLDKw"},"isSFLink":"False","openInNewTab":"True"},{"link":{"linkText":"CA Privacy Rights","title":"CA Privacy Rights","clickThrough":{"type":"url","value":"https://corporate.walmart.com/privacy-security/california-privacy-rights","rawValue":"https://corporate.walmart.com/privacy-security/california-privacy-rights"},"uid":"9Ni6sNcm"},"isSFLink":"True","openInNewTab":"True"},{"link":{"linkText":"California Supply Chain Act","title":"California Supply Chain Act","clickThrough":{"type":"url","value":"https://corporate.walmart.com/california-transparency","rawValue":"https://corporate.walmart.com/california-transparency"},"uid":"m7MuhLuF"},"isSFLink":"False","openInNewTab":"True"},{"link":{"linkText":"Do Not Sell My Personal Information","title":"Do Not Sell My Personal Information","clickThrough":{"type":"url","value":"https://www.walmart.com/account/api/ccpa-intake?native=false\u0026app=gm\u0026type=sod","rawValue":"https://www.walmart.com/account/api/ccpa-intake?native=false\u0026app=gm\u0026type=sod"},"uid":"1EAiCJOO"},"isSFLink":"True","openInNewTab":"True"},{"link":{"linkText":"Request My Personal Information","title":"Request My Personal Information","clickThrough":{"type":"url","value":"https://www.walmart.com/account/api/ccpa-intake?native=false\u0026app=gm\u0026type=access","rawValue":"https://www.walmart.com/account/api/ccpa-intake?native=false\u0026app=gm\u0026type=access"},"uid":"vNAKHfwt"},"isSFLink":"True","openInNewTab":"True"}]}}]}},"headers":{}},"cv":{"account":{"_all_":{"vuduLibraryUrl":"https://video.walmart.com/content/account/purchasehistory","enableAccountDWeb":true,"registriesUrl":"/my-registries","enableGoogleAutoComplete":true,"enableMyItemsMenu":true,"enablePostalCodeMessage":false,"enableLocationAutoComplete":true,"eBookUrl":"https://www.walmart.com/account/redirect/kobo?page=library","enableAccountWallet":true,"isInHomeEnabled":true,"ccpaUrl":"/account/ccpa-reporting","enableAccountMWeb":true,"enableSubscriptionModule":true,"walmartPlusUrl":"https://www.walmart.com/grocery/account/plus/overview","enablePostalCodeOnly":false,"listsUrl":"/lists","enableZipcodeInAddressSelector":false,"placeholder":1,"enableWalmartPlus":true,"customCakeUrl":"https://www.walmart.com/order-ahead/cake","itemSubscriptionUrl":"https://www.walmart.com/m/deals/subscriptions/manage","communicationAndPrivacyUrl":"/account/communications-and-privacy","enableWalmartPlusPreference":true,"walmartAssociateUrl":"https://www.walmart.com/account/associate-discount","pharmacyUrl":"https://www.walmart.com/pharmacy/dashboard","enableFeatureCommsAndPrivacy":true,"protectionPlanUrl":"/protection-plans","enchancedAccountPharmacyUrl":"https://www.walmart.com/cp/5431","enableItemSubscriptionRamp":false,"reorderUrl":"https://www.walmart.com/my-items","enableAvsOverride":true,"shouldUpdateCartAfterUpdateZipcode":true,"ccpaNewRequestUrl":"https://www.walmart.com/account/api/ccpa-intake?native=false\u0026amp;type=access","autoCareCenterUrl":"https://www.walmart.com/cp/auto-services/1087266","isFCShippingEnabled":true,"enableItemSubscription":true,"enableAddressLineOneAutofill":false,"enableInHomeAddress":true}},"cart":{"_all_":{"enableCapOne":true,"enableItemUpdates":true,"enableWalmartPlusIntegratedSignUp":true,"enableItemSwitchableBadge":true,"enablePartialCheckout":true,"enableATCOptimization":true,"enableATCRateLimitingMessage":true,"enableGXOSignInNudge":true,"enableSubstituteOOS":true,"enableACCScheduling":true,"enableCapOneRewards":true,"enableGuestCheckout":true,"enablePartialSwitchModuleLevel":true,"enableCallouts":true,"enableAffirm":true,"enableItemNotSwitchableBadge":true,"enableWplusThirtyDaystrial":true,"enableWplus":true,"enableEbt":true,"enableSFL":true,"enableSetPickupMutation":true,"enableAddOnServicesPAC":true,"enableCarePlansAndHomeServices":true,"enableSetShippingOrDeliveryMutation":true,"enableWirelessFreebiePromo":true,"enableRegistry":true,"enableCartGIC":true,"enableSubstituteOOSV2":false,"enableShippingIntent":true,"enableOmniPromise":true,"enableEnhancedEmptyCart":true,"enableWirelessPostpaid":true,"enableQueueing":true,"sflCountPerPagination":20,"enableProductTileV2":false,"enableFulfillmentHeadersV2":true,"enableEarlyAccess":true,"enableInHomeDelivery":true,"enableLastCall":true,"enableAccSchedulingFindStores":true,"enableOOSHotFix":true,"disableGetCartCSR":false,"enableSFLPerformanceMode":false,"enablePAC":true,"enableNonConfigBundles":true,"enableShopSimilar":false,"enableSigninBenefits":true,"enableWplusFulfillmentBanner":true,"enablePACCheckout":false,"initialSFLCount":10,"enableCXOPrefetch":true,"enableItemSwitchableTempBadge":false,"enableAEBadge":true,"enableATCAnimation":false,"enableStoreSnackBarMessage":false}},"bookslot":{"_all_":{"gmStoreMessageForNoUSPSlot":true,"enableWirelessPostpaid":true,"walmartPlusFreeDelivery":true,"enablePriorityTimesIntegratedSignup":true,"enableWalmartPlusIntegratedSignUp":true,"hidePickupSlotPrice":true,"alcoholRestrictedSlotsFilterEnable":true,"disableMergeAndGetCartCSR":false,"enableBlockRegistrantAddressDelivery":true,"enableEarliestAvailableSlotPreselection":false,"enableFulfillmentIntent":true,"enableNoSlotPreselectionOnTabSwitch":false,"enableSlotPreSelectionV2":true,"enableEarliestAvailableDayPreselection":false,"enablePickupOnShippingIntent":true,"enableNoPickupSlotSelectionForDefaultStore":true,"enableWalmartPlus":true,"nodeSelectableOnlineEnable":true,"enableStoreHours":true,"hideStoreChooserDefaultAlert":true,"tempoCacheExpirationInSeconds":300,"enablePriorityTimes":true,"maxCountOfStoresForInventory":5,"disableFreeDeliveryBannerForExpressOnlyStores":true,"enablePreselectionV2UserIntentOverReservation":false,"enableInHomeSlotsQueryHeader":true,"mergeSlotsEnable":true}},"header":{"_all_":{"showNavLinks":true,"isAlertBarEnabled":true,"fetchLocationCSROnLoad":true,"fetchLocation":true,"enableGIC":false,"calloutViewsPerIdPerBSTC":1,"calloutViewsPerIdPerVTC":2,"maxCalloutsPerBSTC":4,"showOptOut":true,"calloutsEnabled":true,"showAddressLineOne":true,"navLinks":"'[{\"name\": \"Grocery\",\"link\": \"https://www.walmart.com/cp/1735450\"},{\"name\": \"Tech\",\"link\": \"https://www.walmart.com/cp/electronics/3944\"},{\"name\": \"Fashion\",\"link\": \"https://www.walmart.com/cp/clothing/5438\"},{\"name\": \"Home\",\"link\": \"https://www.walmart.com/cp/home/4044\"},{\"name\": \"Gifts for mom\",\"link\": \"https://www.walmart.com/shop/all-gifts\"},{\"name\": \"Deals\",\"link\": \"https://www.walmart.com/shop/deals\"},{\"name\": \"Flash picks\",\"link\": \"https://www.walmart.com/shop/deals/flash-picks\"},{\"name\": \"Walmart+\",\"link\": \"https://www.walmart.com/plus\"}]'"}},"pulse":{"_all_":{"alwaysAllowedTagList":"","logLevel":"info","enableV1Schema":true,"enableQuantumMetric":true}},"footer":{"_all_":{"enableXOFeedback":true,"hideGiveFeedbackSection":true}},"shared":{"_all_":{"enableQueueing":false,"enableExpressSla":true,"aeModuleHeaderText":"Black Friday Deals pickup","helpLinkReturnRefunds":"https://www.walmart.com/help/channel/returns-and-refunds/5a33a1f61af8479e9d1bd8b727e9e761","legacySiteDirectspendingRedirectEnabled":false,"itemReservationsBannerText":"left to buy your item","helpLinkMobileAlertsTerms":"https://www.walmart.com/help/article/mobile-alerts-terms-of-use/499122d9bba94d08b50e8facf42fcc82","bookSlotPersistentFilterEnable":false,"helpLinkMPReturnPolicy":"https://www.walmart.com/help/article/walmart-marketplace-return-policy/63c3566a9d3546858582acae2fbfdb7e","helpLinkTermsOfUse":"https://www.walmart.com/help/article/walmart-com-terms-of-use/3b75080af40340d6bbd596f116fae5a0","placeholder":"US","legacySiteNGRedirectEnabled":false,"legacySiteInhomeRedirectEnabled":false,"legacySiteEbtRedirectEnabled":false,"enableWaitingHallway":true,"disableGetCartSSR":true,"enableAdSessionId":true,"queueTimeToCompletePurchase":10,"helpLinkStorePurchase":"https://www.walmart.com/help/article/view-store-purchases/f56a1afbf3b5428bb69f0124daa49108","beaconWithQuantumMetrics":false,"enableFullPageCart":true,"enableGifting":true,"enableHubAndSpoke":true,"queueRefetchInterval":5000,"queueMaxRefetchDuration":900000,"enableAstCookie":true,"enableSinglePageXO":false,"savingsRecommendationFlag":0}},"ads":{"_all_":{"spMq2Measure3PEnable":true,"adResponseBeaconEnable":true,"adPreviousResponseNullCheck":true,"displayProductPos":true,"spMq2Measure1PEnable":true,"ipMq1RenderEnable":true,"ipSkReqEnable":true,"bpMq2Measure1PEnable":true,"displayOrderDeduplication":true,"measure3PImpEnable":true,"cacheBusterTimeDiffMs":180000,"bpSkReqEnable":true,"bpMq2ReqEnable":true,"spMq1RenderEnable":true,"bpSkMeasure1PEnable":true,"adShowAtcFieldEnable":true,"bpSkMeasure3PEnable":true,"spMq2RenderEnable":true,"ipSpc2Measure1PEnable":true,"hpMq1Measure1PEnable":true,"displayPoVAdBlockerEnable":false,"hpMq1Measure3PEnable":true,"spSkRenderEnable":true,"bpSpc1ReqEnable":true,"displayUnitWrapperUnmount":true,"bpMq1ReqEnable":true,"displayAddlInfo":true,"adsXpa":"9nMgr,WqVri,QdefC,ZCBNY","displayCheckIp":false,"bpMq1RenderEnable":true,"adManualShelfIdCheck":true,"hpMq2RenderEnable":true,"moatIvt":"https://www.walmart.com/swag/v2/ip-rd","bpMq2RenderEnable":true,"hpMq1RenderEnable":true,"ipSpc2ReqEnable":true,"spSkMeasure1PEnable":true,"displaySbaLogospQs":true,"spSkMeasure3PEnable":true,"bpSpc1Measure1PEnable":true,"sbaMwebRedesignV2Enable":false,"displayProductsPos":false,"adSPIncrementDecrementCheck":true,"spMq1Measure1PEnable":true,"hpP3NMeasure1PEnable":true,"ipSkMeasure1PEnable":true,"adViewableGmBeaconCheck":true,"spMq1Measure3PEnable":true,"bpMq1Measure1PEnable":true,"ipSpc1ReqEnable":true,"updateAdV2Query2StoreEnable":false,"spMq2ReqEnable":true,"bpSkRenderEnable":true,"lazyRenderCmp":false,"ipMq1Measure3PEnable":true,"ipMq1Measure1PEnable":true,"spSkReqEnable":true,"displayPreviousRenderCheck":true,"safeframeURL":"https://i5.walmartimages.com/dfw/63fd9f59-d6ba/07b8ea82-184c-4ea3-8ac0-5dc1981e40c8/v33/safeframe.html","hpMq1ReqEnable":true,"bpMq1Measure3PEnable":true,"displayPPMMode":true,"ipSpc1Measure1PEnable":true,"bpBigMeasure1PEnable":true,"sbaMwebRedesignV1Enable":false,"ipSkMeasure3PEnable":true,"ipMq1ReqEnable":true,"ipMq2Measure1PEnable":true,"ipMq2Measure3PEnable":true,"hpMq2Measure3PEnable":true,"hpMq2Measure1PEnable":true,"spMq1ReqEnable":true,"spSpc1ReqEnable":true,"ipP3NMeasure1PEnable":true,"bpMq2Measure3PEnable":true,"displayDeduplication":true,"adCategoryTakeoverCheck":true,"blockInternal":true,"ipSkRenderEnable":true,"hpMq2ReqEnable":true,"ipMq2ReqEnable":true,"spSpc1Measure1PEnable":true,"ipMq2RenderEnable":true}},"search":{"_all_":{"enableLeftHandNav":false,"enableExternalInfoUrl":true,"fetchItemsV2Enable":true,"enableNewStackedRecallNoResult":true,"threeColumnGrid":false,"enableGIC":false,"fitmentModulesEnable":true,"bannerModulesEnable":true,"enableGrapqlQueryParams":true,"fitmentTopicPageEnable":true,"searchPersistentFilterEnable":false,"enableFulfillmentMethodDemo":false,"clientFetchTimeoutMs":15000,"fetchTimeoutMs":7000,"bookSlotPersistentFilterEnable":false,"postProcessedQueryEnable":true,"imageSizeEnum":"3","seoModulesEnable":true,"enableMaxWidth":false,"partialRenderEnable":true,"enablePortableFacets":false}}}},"enableGqlCsrRedirect":true,"nonce":"EhOjbfoobDQh-YNV","adSessionId":"99839538a2b9de15a620a25c655ff826;TBV|adblocked|dimensionData|_pxvid|ACID|hasACID|vtc|locGuestData|AID|com.wm.reflector"}},"page":"/browse/[...seo]","query":{"page":"2","seo":["food","chips","976759_976787_1001390"]},"buildId":"production_20220429T000259073Z-en-US","assetPrefix":"https://i5.walmartimages.com/dfw/63fd9f59-a745/9f24657f-1aa3-4e02-b75b-0963d3d7f75f/v2/en-US","runtimeConfig":{"nxApplicationName":"US-JOURNEY","isDev":false,"enableLatencyTrace":true,"enablePersistedQueries":false,"tenant":"WM_GLASS","tenantV2":{"bu":"WALMART-US","mart":"B2C"},"mockURL":"http://mock-backend.dev.walmart.com/","mock":true,"endpointMappings":{"operations":{"query configuration":"cegateway","query ContentPage":"cegateway","query checkItemCartEligibility":"cecxo","mutation MergeAndGetCart":"cecxo","query getGuestOrder":"cegateway","query PurchaseHistory":"cecph","mutation NotifyCapOneBannerSnooze":"cegateway","mutation CancelOrder":"cecph","query LastCallPage":"cegateway","query AdV2Display":"adsgateway","query GetCommPreference":"cegateway","query PurchasedProtectionPlans":"cecph","query ProtectionPlanDetail":"cecph","query subscriptions":"cegateway","query CartSubstitutions":"cegateway","query CartShopSimilar":"cegateway","query GetEarlyAccessLearnMoreData":"ceaccount","query PostCartLoadPage":"cegateway"},"queryStrings":{"step=cart":"cecxo","step=bookslot":"cecxo","entitytype=*":"ceorders","state=*":"ceorders","source=*":"ceorders"},"pages":{"*":"cegateway","/":"cegateway","/404":"cegateway","/account/*":"cegateway","/all-departments":"cegateway","/browse/*":"cegateway","/c/[...seo]":"cegateway","/ci-control":"cegateway","/cp/[...categoryParams]":"cegateway","/content/[...categoryParams]":"cegateway","/help/*":"cegateway","/ip/[...itemParams]":"cegateway","/lists/*":"cegateway","/my-items":"cegateway","/my-registries":"cegateway","/shop/*":"cegateway","/shop/[...seo]":"cegateway","/nonprofits/*":"cegateway","/orders/*":"ceorders","/partner/plus/*":"cegateway","/plus/*":"cegateway","/product/[...itemParams]":"cegateway","/registry/*":"cegateway","/reviews/*":"cegateway","/search/*":"cegateway","/seller/*":"cegateway","/services":"cegateway","/thankyou":"cecxo","/topic/[...seo]":"cegateway","/tp/*":"cegateway","/update-payment-method-form":"cegateway","/update-payment-method":"cegateway","/wallet/associate-discount":"cegateway","/subscriptions/manage":"cegateway","/cart":"cecxo","/pac":"cecxo"}},"googleMaps":{"checkAddressAPIKey":"AIzaSyCX5gh3yoq4316wUDxRpljFOwWA6_-BEMg","addressAPIKey":"AIzaSyBIAnB1a3UejjFVRNtszhaEE8yrKySRTEo","geoCodingAPIKey":"AIzaSyBvv63fBVZ1RtNJLGkN9XCFE1WfVl0o1HY","riseMapAPIKey":{"dev":"AIzaSyA9K6pBcYvCp4_FxKHsPi-JDJfvcvSbtp0","defaultKey":"AIzaSyA0Gi6N7afDzAqBiPI3MlWDMaaxC5xKldM"}},"pulseBeacon":{"enable":true,"hostname":"i5.walmartimages.com","bd":"beacon.walmart.com","bh":"beacon.lightestwithqm.walmart.com","hostWithQM":"beacon.lightestwithqm.walmart.com","hostWithoutQM":"beacon.lightest.walmart.com"},"perimeterX":{"enable":true,"initScript":"https://www.walmart.com/px/PXu6b0qd2S/init.js"},"identity":{"context":{"signOutUrl":"https://www-e16.walmart.com/account/logout","signInPathname":"/account/login","createAccountPathname":"/account/signup"},"authFrameRoutes":{"frame":"/account/login","gxoSignin":"/account/login","gxoSignup":"/account/signup/gxo","reauthFrame":"/account/login"}},"threatMetrix":{"enable":true},"paymentsPageUrl":"https://wallet.walmart.com/payments?wv=main","paymentsChooserPageUrl":"https://wallet.walmart.com/payments/chooser","moatIvt":"https://www.walmart.com/swag/v2/ip-rd","appVersion":"main-496-cc0b9e","appSha":"cc0b9ef222673c5e2149959ef2c012261ddb6162","profile":"production","tmxOrgId":"hgy2n0ks","dataCenter":"wus","queryContext":{"appVersion":"main-496-cc0b9e","isPerimeterXTest":false,"gql":{"endpointsByName":{"ceaccount":"/orchestra/account/graphql","cecxo":"/orchestra/cartxo/graphql","cecph":"/orchestra/cph/graphql","adsgateway":"/swag/graphql","ceorders":"/orchestra/orders/graphql","cegateway":"/orchestra/home/graphql"}},"rest":{"endpointsByName":{"cereturns":"/orchestra/api/returns","ceaccount":"/orchestra/api/account","cehelp":"/orchestra/help/api","cehelpchat":"/orchestra/helpChat/api","ceidentity":"/orchestra/account/electrode/api/identity","typeahead":"/typeahead/v3/complete","espvalidation":"/esp/prepaid/v1/plans","warppaymentoptions":"/orchestra/api/online/variantbasic/item","cewarp":"/orchestra/api/warp","ceccm":"/orchestra/api/ccm/v1/bootstrap","cewireless":"/orchestra/api/wireless"}}}},"isFallback":false,"dynamicIds":[63446,46445,81410,73045,25200,58175,44616],"customServer":true,"gip":true,"appGip":true,"locale":"en","locales":["en"],"defaultLocale":"en","scriptLoader":[]}</script><script nonce="EhOjbfoobDQh-YNV" src="//i5.walmartimages.com/a14/cdn-doms-usgm.js"></script><script async="async" defer="defer" nonce="EhOjbfoobDQh-YNV" src="//i5.walmartimages.com/a14/cdn-perf.min.js"></script><script nonce="EhOjbfoobDQh-YNV">window.SW_DOMAIN = "walmart.com"</script><script nonce="EhOjbfoobDQh-YNV">(function(e){var t=e.document;BOOMR=e.BOOMR||{};BOOMR.plugins=BOOMR.plugins||{};var n={localStorageTestKey:"TorbitLSTest",pageTags:[],pageConversions:[],initHasRun:false};BOOMR.plugins.pageMeta={init:function(r){initHasRun=true;try{localStorage.setItem(n.localStorageTestKey,n.localStorageTestKey);localStorage.removeItem(n.localStorageTestKey);BOOMR.addVar("ls",1)}catch(i){BOOMR.addVar("ls",0)}if(e.location.protocol=="https:")BOOMR.addVar("prt",1);else BOOMR.addVar("prt",0);BOOMR.addVar("ref",t.referrer);if(e.performance&&e.performance.memory){for(m_name in e.performance.memory){if(e.performance.memory.hasOwnProperty(m_name)){BOOMR.addVar(m_name,e.performance.memory[m_name])}}}BOOMR.addVar("wH",e.innerHeight||t.body.clientHeight||t.documentElement.clientHeight);BOOMR.addVar("tags",n.pageTags.join("|"));return this},addTag:function(e){n.pageTags.push(e);if(!n.initHasRun){return}BOOMR.addVar("tags",n.pageTags.join("|"))},addConversion:function(e,t){var r=e;if(t&&(t>0||t.length>0))r=e+"="+t;n.pageConversions.push(r);BOOMR.addVar("conversion",n.pageConversions.join("|"))},is_complete:function(){return true}}})(window);(function(e){try{e._tbq=e._tbq||[];_tbq.push=function(e){if(e.length<1||!e[0])return;switch(e[0]){case"tag":if(e.length<2)return;BOOMR.plugins.pageMeta.addTag(e[1]);break;case"startTimer":if(e.length<2)return;BOOMR.plugins.customEvents.startTimer(e[1]);break;case"endTimer":if(e.length<2)return;BOOMR.plugins.customEvents.endTimer(e[1]);break}};for(i in _tbq){if(_tbq.hasOwnProperty(i)&&i!="push"){_tbq.push(_tbq[i]);delete _tbq[i]}}}catch(t){}})(window);</script><script nonce="EhOjbfoobDQh-YNV">window._pxAppId = 'PXu6b0qd2S'</script><script async="async" defer="defer" nonce="EhOjbfoobDQh-YNV" src="/px/PXu6b0qd2S/init.js"></script><div class="ads-wrapper" style="height: 1px;"></div><next-route-announcer><p aria-live="assertive" id="__next-route-announcer__" role="alert" style="border: 0px none; clip: rect(0px, 0px, 0px, 0px); height: 1px; margin: -1px; overflow: hidden; padding: 0px; position: absolute; width: 1px; white-space: nowrap; overflow-wrap: normal;"></p></next-route-announcer></body></html>