<html lang="en"><head nonce="G2YyF-qPlAwuzCFX"><link href="//dis.criteo.com" rel="dns-prefetch"><link href="//ib.adnxs.com" rel="dns-prefetch"><link href="//secure-assets.rubiconproject.com" rel="dns-prefetch"><link href="//beam.hlserve.com" rel="dns-prefetch"><link href="//pubads.g.doubleclick.net" rel="dns-prefetch"><link href="//omniture-ssl.walmart.com" rel="dns-prefetch"><link href="//omniture.walmart.com" rel="dns-prefetch"><link href="//p.typekit.net" rel="dns-prefetch"><link href="//pagead2.googlesyndication.com" rel="dns-prefetch"><link href="//partner.googleadservices.com" rel="dns-prefetch"><link href="//tpc.googlesyndication.com" rel="dns-prefetch"><link href="//beacon.walmart.com" rel="dns-prefetch"><link href="//b.wal.co" rel="dns-prefetch"><link href="//i5.wal.co" rel="dns-prefetch"><link href="//i5.walmartimages.com" rel="dns-prefetch"><meta name="viewport" content="width=device-width"><meta charset="utf-8"><meta property="fb:app_id" content="105223049547814"><link rel="preload" crossorigin="anonymous" href="https://i5.walmartimages.com/dfw/63fd9f59-a78c/fcfae9b6-2f69-4f89-beed-f0eeb4237946/v1/BogleWeb_subset-Bold.woff2" as="font" type="font/woff2"><link rel="preload" crossorigin="anonymous" href="https://i5.walmartimages.com/dfw/63fd9f59-a78c/fcfae9b6-2f69-4f89-beed-f0eeb4237946/v1/BogleWeb_subset-Regular.woff2" as="font" type="font/woff2"><title>Lay's Classic Potato Chips, Party Size, 13 oz Bag - Walmart.com</title><meta name="description" content="Today Buy Lay's Classic Potato Chips, Party Size, 13 oz Bag at Walmart.com"><link rel="canonical" href="https://www.walmart.com/ip/Lay-s-Classic-Potato-Chips-Party-Size-13-oz-Bag/677669806"><meta property="og:url" content="https://www.walmart.com/ip/Lay-s-Classic-Potato-Chips-Party-Size-13-oz-Bag/677669806"><meta property="og:description" content="Today Buy Lay's Classic Potato Chips, Party Size, 13 oz Bag at Walmart.com"><meta property="og:title" content="Lay's Classic Potato Chips, Party Size, 13 oz Bag - Walmart.com"><meta property="og:type" content="product.item"><meta property="og:image" content="https://i5.walmartimages.com/asr/15b0a328-0403-4e27-b256-698e69675801.4479d277258b0bb9993670ed400a98d0.jpeg"><meta property="og:site_name" content="Walmart.com"><script nonce="G2YyF-qPlAwuzCFX" type="application/ld+json">{"@context":"https://schema.org","@type":"Product","image":"https://i5.walmartimages.com/asr/15b0a328-0403-4e27-b256-698e69675801.4479d277258b0bb9993670ed400a98d0.jpeg","name":"Lay's Classic Potato Chips, Party Size, 13 oz Bag","sku":"677669806","gtin13":"028400310413","description":"It all starts with farm-grown potatoes, cooked and seasoned to perfection. So every LAY'S potato chip is perfectly crispy and full of fresh potato taste. Happiness in Every Bite. These crispy snacks are perfect for sharing. Wherever celebrations and good times happen, the LAY'S brand will be there just as it has been for more than 75 years. With flavors almost as rich as our history, we have a chip or crisp flavor guaranteed to bring a smile on your face.","model":null,"brand":{"@type":"Thing","name":"Lay's"},"aggregateRating":{"@type":"AggregateRating","ratingValue":4.1,"bestRating":5,"reviewCount":1415},"offers":{"@type":"Offer","url":"https://www.walmart.com/ip/Lay-s-Classic-Potato-Chips-Party-Size-13-oz-Bag/677669806","priceCurrency":"USD","price":4.48,"availability":"https://schema.org/InStock","itemCondition":"https://schema.org/NewCondition","availableDeliveryMethod":"https://schema.org/OnSitePickup"},"review":[{"@type":"Review","name":"Yummy flavor.","datePublished":"February 8, 2021","reviewBody":"Great snack.  I love when I have a fresh fluffy bag.  The perfect amount of salty flavor.","reviewRating":{"@type":"Rating","worstRating":1,"ratingValue":5,"bestRating":5},"author":{"@type":"Thing","name":"Stephanie"}},{"@type":"Review","name":"Crammed into a small box","datePublished":"January 27, 2021","reviewBody":"Love the chips but they shipped them in a small box all broken up when arrived. But was edible.","reviewRating":{"@type":"Rating","worstRating":1,"ratingValue":5,"bestRating":5},"author":{"@type":"Thing","name":"bluecaddy85"}},{"@type":"Review","name":null,"datePublished":"January 21, 2022","reviewBody":"This bag of chips was nothing but pieces. We have always purchased Lays and never had a bag of pieces like this. 4.48 seems like a lot for something like this.","reviewRating":{"@type":"Rating","worstRating":1,"ratingValue":1,"bestRating":5},"author":{"@type":"Thing","name":"Dale"}},{"@type":"Review","name":"Walmart.com is Inconsiderate","datePublished":"February 21, 2021","reviewBody":"I tried to order flour and juice. also on this order is chips, cheetos, graham crackers, ritz crackers and 2 packs of 300 paper plates.\nI HATE ONLINE SHOPPING FOR THIS REASON. BRICK and MORTAR hopefully will never go away. at least with bare shelves you have an option to pick something else. If you can see it and touch it you know you have it.\nif you are at the mercy of a company and delivery, they can and will cancel with no consideration. They will also ship 600 paper plates with chips and cheetos. Everyone knows that heavy items can and usually will burst or crush bags.\nHence, be leary of purchasing from Walmart.com.\nmy only option was wait another 10 for delivery or get a refund. Wow they really care about customers.","reviewRating":{"@type":"Rating","worstRating":1,"ratingValue":1,"bestRating":5},"author":{"@type":"Thing","name":"Kathy"}},{"@type":"Review","name":"Very Dissatisfied","datePublished":"August 13, 2020","reviewBody":"Bag was broken open and chips were falling out of the box. Other bag was all broken into pieces. Store showed little concern for packing fragile items.","reviewRating":{"@type":"Rating","worstRating":1,"ratingValue":1,"bestRating":5},"author":{"@type":"Thing","name":"Charles"}},{"@type":"Review","name":"bad packaging","datePublished":"November 11, 2020","reviewBody":"The chips were thrown in a box with teas and crushed by the time they got here... returning is a nightmare","reviewRating":{"@type":"Rating","worstRating":1,"ratingValue":1,"bestRating":5},"author":{"@type":"Thing","name":"patti"}},{"@type":"Review","name":"Dont order chips","datePublished":"August 17, 2020","reviewBody":"When I finally (order was delayed) the box was beat up and the chips was opened and crushed chips was everywhere","reviewRating":{"@type":"Rating","worstRating":1,"ratingValue":1,"bestRating":5},"author":{"@type":"Thing","name":"Alberta"}},{"@type":"Review","name":"lays Chip burst in box","datePublished":"November 8, 2020","reviewBody":"The chip package had burst open..had to throw whole bag.  ruined box with oil from the chips.","reviewRating":{"@type":"Rating","worstRating":1,"ratingValue":1,"bestRating":5},"author":{"@type":"Thing","name":"swanj"}},{"@type":"Review","name":null,"datePublished":"April 29, 2021","reviewBody":"Got expired chips!!! From feb 2021","reviewRating":{"@type":"Rating","worstRating":1,"ratingValue":1,"bestRating":5},"author":{"@type":"Thing","name":"Shirley"}},{"@type":"Review","name":"Open","datePublished":"January 6, 2021","reviewBody":"The bag was open and the chips were crushed.","reviewRating":{"@type":"Rating","worstRating":1,"ratingValue":1,"bestRating":5},"author":{"@type":"Thing","name":"CurryAlbrecht"}}]}</script><script nonce="G2YyF-qPlAwuzCFX" type="application/ld+json">{"@context":"https://schema.org","@type":"BreadcrumbList","itemListElement":[{"@type":"ListItem","position":1,"item":{"@type":"Thing","@id":"https://www.walmart.com/cp/976759","name":"Food"}},{"@type":"ListItem","position":2,"item":{"@type":"Thing","@id":"https://www.walmart.com/cp/976787","name":"Snacks, Cookies & Chips"}},{"@type":"ListItem","position":3,"item":{"@type":"Thing","@id":"https://www.walmart.com/cp/1001390","name":"Chips"}},{"@type":"ListItem","position":4,"item":{"@type":"Thing","@id":"https://www.walmart.com/cp/5517955","name":"Lay's Potato Chips"}}]}</script><meta name="next-head-count" content="16"><link nonce="G2YyF-qPlAwuzCFX" rel="preload" href="https://i5.wal.co/dfw/63fd9f59-a745/9f24657f-1aa3-4e02-b75b-0963d3d7f75f/v2/en-US/_next/static/css/dfea8540a3113e557506.css-10fe2ea941a73592bfc7c12b4679d81601027c34-br.css" as="style"><link nonce="G2YyF-qPlAwuzCFX" rel="stylesheet" href="https://i5.wal.co/dfw/63fd9f59-a745/9f24657f-1aa3-4e02-b75b-0963d3d7f75f/v2/en-US/_next/static/css/dfea8540a3113e557506.css-10fe2ea941a73592bfc7c12b4679d81601027c34-br.css" data-n-g=""><noscript data-n-css="G2YyF-qPlAwuzCFX"></noscript><script defer="" nonce="G2YyF-qPlAwuzCFX" nomodule="" src="https://i5.wal.co/dfw/63fd9f59-a745/9f24657f-1aa3-4e02-b75b-0963d3d7f75f/v2/en-US/_next/static/chunks/polyfills-22f49077a08c8b727a92.js-6b3f14e2c03c7186835313a34a9cd03c3e5d3f90-br.js"></script><script defer="" src="https://i5.wal.co/dfw/63fd9f59-a745/9f24657f-1aa3-4e02-b75b-0963d3d7f75f/v2/en-US/_next/static/chunks/63446.b445a8ae64526eb70887.js-ab2988596ee133e501689ab6df0b9f283308b627-br.js" nonce="G2YyF-qPlAwuzCFX"></script><script defer="" src="https://i5.wal.co/dfw/63fd9f59-a745/9f24657f-1aa3-4e02-b75b-0963d3d7f75f/v2/en-US/_next/static/chunks/46445.91369c9efaf8367e00d9.js-3762ee4f07058bfe3e64e104c54dbada3a1c7215-br.js" nonce="G2YyF-qPlAwuzCFX"></script><script defer="" src="https://i5.wal.co/dfw/63fd9f59-a745/9f24657f-1aa3-4e02-b75b-0963d3d7f75f/v2/en-US/_next/static/chunks/81410.676fcb04b6578623054b.js-1c582f4c9d7044dae0c942e5c213d98ec77323cb-br.js" nonce="G2YyF-qPlAwuzCFX"></script><script defer="" src="https://i5.wal.co/dfw/63fd9f59-a745/9f24657f-1aa3-4e02-b75b-0963d3d7f75f/v2/en-US/_next/static/chunks/35404.d9c1d93b8aa86928893f.js-4056504d23aecb3ec7e9e0e89142b4f6fd5cab22-br.js" nonce="G2YyF-qPlAwuzCFX"></script><script defer="" src="https://i5.wal.co/dfw/63fd9f59-a745/9f24657f-1aa3-4e02-b75b-0963d3d7f75f/v2/en-US/_next/static/chunks/49966.2a7dba44eab6209c1f01.js-fe21e6461e09019afde17c3894e2160ae0e0ea4b-br.js" nonce="G2YyF-qPlAwuzCFX"></script><script defer="" src="https://i5.wal.co/dfw/63fd9f59-a745/9f24657f-1aa3-4e02-b75b-0963d3d7f75f/v2/en-US/_next/static/chunks/73045.31ea922942b314a3f860.js-ee2a85503827e7242002b470ac2b294a4a0254a9-br.js" nonce="G2YyF-qPlAwuzCFX"></script><script defer="" src="https://i5.wal.co/dfw/63fd9f59-a745/9f24657f-1aa3-4e02-b75b-0963d3d7f75f/v2/en-US/_next/static/chunks/78815.517d5d114b889d249376.js-6bcdcf7ccbaf0f2cb9c3102c73a76dd93809fb4e-br.js" nonce="G2YyF-qPlAwuzCFX"></script><script defer="" src="https://i5.wal.co/dfw/63fd9f59-a745/9f24657f-1aa3-4e02-b75b-0963d3d7f75f/v2/en-US/_next/static/chunks/44182.182aa4a8d19abc7c0586.js-3406a4c84694958223344f5f949aaefaf7beb914-br.js" nonce="G2YyF-qPlAwuzCFX"></script><script defer="" src="https://i5.wal.co/dfw/63fd9f59-a745/9f24657f-1aa3-4e02-b75b-0963d3d7f75f/v2/en-US/_next/static/chunks/44616.e2e97d91b4998ac4a678.js-e29f8dc359e3e5904cc102bc2b2e0f3e67e60c41-br.js" nonce="G2YyF-qPlAwuzCFX"></script><script defer="" src="https://i5.wal.co/dfw/63fd9f59-a745/9f24657f-1aa3-4e02-b75b-0963d3d7f75f/v2/en-US/_next/static/chunks/67820-a7a5497773b5a2119e50.js-3fbc56ee58fd0da75c9131e18c6adc42e112376a-br.js" nonce="G2YyF-qPlAwuzCFX"></script><script defer="" src="https://i5.wal.co/dfw/63fd9f59-a745/9f24657f-1aa3-4e02-b75b-0963d3d7f75f/v2/en-US/_next/static/chunks/75565.61f867face7bc9c5cb0d.js-d102424cf204770b23c478f5df78e1b9dc89af25-br.js" nonce="G2YyF-qPlAwuzCFX"></script><script defer="" src="https://i5.wal.co/dfw/63fd9f59-a745/9f24657f-1aa3-4e02-b75b-0963d3d7f75f/v2/en-US/_next/static/chunks/42768.bd0b52a690dbd3f1e6ba.js-9e208db9744a735032975c65ada9903950475a60-br.js" nonce="G2YyF-qPlAwuzCFX"></script><script defer="" src="https://i5.wal.co/dfw/63fd9f59-a745/9f24657f-1aa3-4e02-b75b-0963d3d7f75f/v2/en-US/_next/static/chunks/45953.ca06373eeeb911235246.js-ab271e19c0baa2888ed7896cbc410697c1443987-br.js" nonce="G2YyF-qPlAwuzCFX"></script><script defer="" src="https://i5.wal.co/dfw/63fd9f59-a745/9f24657f-1aa3-4e02-b75b-0963d3d7f75f/v2/en-US/_next/static/chunks/16879.6c9a41746fdffbb0ac2b.js-4bd7d9de1f16ac6304b9f0cd5267ff675c7004d7-br.js" nonce="G2YyF-qPlAwuzCFX"></script><script defer="" src="https://i5.wal.co/dfw/63fd9f59-a745/9f24657f-1aa3-4e02-b75b-0963d3d7f75f/v2/en-US/_next/static/chunks/51317.f3c126d9c16ee1d38cb7.js-bbdb70ed1da141275256828501a9a8440597809e-br.js" nonce="G2YyF-qPlAwuzCFX"></script><script defer="" src="https://i5.wal.co/dfw/63fd9f59-a745/9f24657f-1aa3-4e02-b75b-0963d3d7f75f/v2/en-US/_next/static/chunks/43903.61ed27e1244193afb2e8.js-7c9f4619b6330ee50bdb002636b549a8ba5e0083-br.js" nonce="G2YyF-qPlAwuzCFX"></script><script src="https://i5.wal.co/dfw/63fd9f59-a745/9f24657f-1aa3-4e02-b75b-0963d3d7f75f/v2/en-US/_next/static/chunks/webpack-358d8e37c3f59b9250c6.js-fe469be3f2b3dfcb4af7dfaef48535c1d7d25716-br.js" nonce="G2YyF-qPlAwuzCFX" defer=""></script><script src="https://i5.wal.co/dfw/63fd9f59-a745/9f24657f-1aa3-4e02-b75b-0963d3d7f75f/v2/en-US/_next/static/chunks/main-69568291252d58120936.js-90603ecd0ffafdfe3fa2d0a2d7222954fad12349-br.js" nonce="G2YyF-qPlAwuzCFX" defer=""></script><script src="https://i5.wal.co/dfw/63fd9f59-a745/9f24657f-1aa3-4e02-b75b-0963d3d7f75f/v2/en-US/_next/static/chunks/pages/_app-2fd9c0443808238ece3a.js-f111813ac979e69d492a88b1fd513315ecca76ce-br.js" nonce="G2YyF-qPlAwuzCFX" defer=""></script><script src="https://i5.wal.co/dfw/63fd9f59-a745/9f24657f-1aa3-4e02-b75b-0963d3d7f75f/v2/en-US/_next/static/chunks/50329-a6eef8d87d6c7e7b8063.js-bb17d3e7c24ff99fe714b33642c514c371d721ec-br.js" nonce="G2YyF-qPlAwuzCFX" defer=""></script><script src="https://i5.wal.co/dfw/63fd9f59-a745/9f24657f-1aa3-4e02-b75b-0963d3d7f75f/v2/en-US/_next/static/chunks/4128-498762b51a3abd1bc7eb.js-db0fd54458df6b2f2f62b136378e8481704f9f17-br.js" nonce="G2YyF-qPlAwuzCFX" defer=""></script><script src="https://i5.wal.co/dfw/63fd9f59-a745/9f24657f-1aa3-4e02-b75b-0963d3d7f75f/v2/en-US/_next/static/chunks/8554-010f2954ea4402e74f6b.js-61cd444979da84c9035127c1ccff29c464268899-br.js" nonce="G2YyF-qPlAwuzCFX" defer=""></script><script src="https://i5.wal.co/dfw/63fd9f59-a745/9f24657f-1aa3-4e02-b75b-0963d3d7f75f/v2/en-US/_next/static/chunks/54281-f7eebc3a8d6272c28de2.js-942ebe7bdaa7baa7dd033de4c940538381eaaf67-br.js" nonce="G2YyF-qPlAwuzCFX" defer=""></script><script src="https://i5.wal.co/dfw/63fd9f59-a745/9f24657f-1aa3-4e02-b75b-0963d3d7f75f/v2/en-US/_next/static/chunks/28399-03615ee86784dd9c7c82.js-4dea429def36ce0e3b12b616d5a572e1ec4af2fe-br.js" nonce="G2YyF-qPlAwuzCFX" defer=""></script><script src="https://i5.wal.co/dfw/63fd9f59-a745/9f24657f-1aa3-4e02-b75b-0963d3d7f75f/v2/en-US/_next/static/chunks/40155-2018245085b96614abb7.js-68d056d95aea2f10fc4c87528cda95765bebdb9a-br.js" nonce="G2YyF-qPlAwuzCFX" defer=""></script><script src="https://i5.wal.co/dfw/63fd9f59-a745/9f24657f-1aa3-4e02-b75b-0963d3d7f75f/v2/en-US/_next/static/chunks/7752-d8204036649d599097e7.js-e62a14077f55b9badddccaea93b451d16b4ce6cc-br.js" nonce="G2YyF-qPlAwuzCFX" defer=""></script><script src="https://i5.wal.co/dfw/63fd9f59-a745/9f24657f-1aa3-4e02-b75b-0963d3d7f75f/v2/en-US/_next/static/chunks/6485-2328835642d7247213aa.js-6150d1dbafe299d3037e845404b1ad2007b6a3f5-br.js" nonce="G2YyF-qPlAwuzCFX" defer=""></script><script src="https://i5.wal.co/dfw/63fd9f59-a745/9f24657f-1aa3-4e02-b75b-0963d3d7f75f/v2/en-US/_next/static/chunks/62926-e199734613ac577e2774.js-1312b5629524e75f6bd5b73ab10ffacf09c9e202-br.js" nonce="G2YyF-qPlAwuzCFX" defer=""></script><script src="https://i5.wal.co/dfw/63fd9f59-a745/9f24657f-1aa3-4e02-b75b-0963d3d7f75f/v2/en-US/_next/static/chunks/79425-f9b3f6b363aa8d67970b.js-74bc9284d9edd81deab617378dca0e97ae251f43-br.js" nonce="G2YyF-qPlAwuzCFX" defer=""></script><script src="https://i5.wal.co/dfw/63fd9f59-a745/9f24657f-1aa3-4e02-b75b-0963d3d7f75f/v2/en-US/_next/static/chunks/pages/ip/%5B...itemParams%5D-f3e494b9aab93d2b7fbb.js-3fe53902db775b62443c7830018839b6a2df85f7-br.js" nonce="G2YyF-qPlAwuzCFX" defer=""></script><script src="https://i5.wal.co/dfw/63fd9f59-a745/9f24657f-1aa3-4e02-b75b-0963d3d7f75f/v2/en-US/_next/static/production_20220429T000259073Z-en-US/_buildManifest.js-5caae1cda5b961b44f228b5c33ded84aa90f4581-br.js" nonce="G2YyF-qPlAwuzCFX" defer=""></script><script src="https://i5.wal.co/dfw/63fd9f59-a745/9f24657f-1aa3-4e02-b75b-0963d3d7f75f/v2/en-US/_next/static/production_20220429T000259073Z-en-US/_ssgManifest.js-27ec6f2eaf2544fd8b9db0b67a28559ff00a7093-gzip.js" nonce="G2YyF-qPlAwuzCFX" defer=""></script><script nonce="G2YyF-qPlAwuzCFX">var TBRewriteHostAltWeight = 10.000000;</script><script type="text/javascript" src="https://beacon.walmart.com/rum.js?bh=beacon.lightestwithqm.walmart.com" async=""></script><script async="async" defer="defer" src="https://i5.wal.co/a14/capabilities.min.js-2dcc7ebc7e7196f449647a3f03c4cec76f3aae99-br.js" nonce="G2YyF-qPlAwuzCFX"></script><script>bazadebezolkohpepadr="823287575"</script><script type="text/javascript" src="https://www.walmart.com/akam/13/31125f5f" defer=""></script><link rel="prefetch" as="script" href="https://i5.walmartimages.com/dfw/63fd9f59-a745/9f24657f-1aa3-4e02-b75b-0963d3d7f75f/v2/en-US/_next/static/chunks/50329-a6eef8d87d6c7e7b8063.js"><link rel="prefetch" as="script" href="https://i5.walmartimages.com/dfw/63fd9f59-a745/9f24657f-1aa3-4e02-b75b-0963d3d7f75f/v2/en-US/_next/static/chunks/64831-1aeab1400aa0b2e6d51f.js"><link rel="prefetch" as="script" href="https://i5.walmartimages.com/dfw/63fd9f59-a745/9f24657f-1aa3-4e02-b75b-0963d3d7f75f/v2/en-US/_next/static/chunks/61930-6d3e58c1cd565301a5b3.js"><link rel="prefetch" as="script" href="https://i5.walmartimages.com/dfw/63fd9f59-a745/9f24657f-1aa3-4e02-b75b-0963d3d7f75f/v2/en-US/_next/static/chunks/28330-a6f083212c66c616e3ba.js"><link rel="prefetch" as="script" href="https://i5.walmartimages.com/dfw/63fd9f59-a745/9f24657f-1aa3-4e02-b75b-0963d3d7f75f/v2/en-US/_next/static/chunks/15795-b6989e0b80020fd46445.js"><link rel="prefetch" as="script" href="https://i5.walmartimages.com/dfw/63fd9f59-a745/9f24657f-1aa3-4e02-b75b-0963d3d7f75f/v2/en-US/_next/static/chunks/40155-2018245085b96614abb7.js"><link rel="prefetch" as="script" href="https://i5.walmartimages.com/dfw/63fd9f59-a745/9f24657f-1aa3-4e02-b75b-0963d3d7f75f/v2/en-US/_next/static/chunks/29458-5e159c6fa91e1429fefb.js"><link rel="prefetch" as="script" href="https://i5.walmartimages.com/dfw/63fd9f59-a745/9f24657f-1aa3-4e02-b75b-0963d3d7f75f/v2/en-US/_next/static/chunks/80736-7422691df2fd15a70e6f.js"><link rel="prefetch" as="script" href="https://i5.walmartimages.com/dfw/63fd9f59-a745/9f24657f-1aa3-4e02-b75b-0963d3d7f75f/v2/en-US/_next/static/chunks/91016-f6e4ac38800c04a6ae45.js"><link rel="prefetch" as="script" href="https://i5.walmartimages.com/dfw/63fd9f59-a745/9f24657f-1aa3-4e02-b75b-0963d3d7f75f/v2/en-US/_next/static/chunks/54702-ef70286e8513121da245.js"><link rel="prefetch" as="script" href="https://i5.walmartimages.com/dfw/63fd9f59-a745/9f24657f-1aa3-4e02-b75b-0963d3d7f75f/v2/en-US/_next/static/chunks/62416.e070080991c922d517b8.js"><link rel="prefetch" as="script" href="https://i5.walmartimages.com/dfw/63fd9f59-a745/9f24657f-1aa3-4e02-b75b-0963d3d7f75f/v2/en-US/_next/static/chunks/61749-d883f1b5c3119324a451.js"><link rel="prefetch" as="script" href="https://i5.walmartimages.com/dfw/63fd9f59-a745/9f24657f-1aa3-4e02-b75b-0963d3d7f75f/v2/en-US/_next/static/chunks/79930.c95b602e932211a7f2b7.js"><link rel="prefetch" as="script" href="https://i5.walmartimages.com/dfw/63fd9f59-a745/9f24657f-1aa3-4e02-b75b-0963d3d7f75f/v2/en-US/_next/static/chunks/57932.ae9b01441e6c43799071.js"><link rel="stylesheet" type="text/css" href="https://i5.walmartimages.com/dfw/63fd9f59-a745/9f24657f-1aa3-4e02-b75b-0963d3d7f75f/v2/en-US/_next/static/css/dfea8540a3113e557506.css"><script type="text/javascript" src="https://b.wal.co/rum-mappings.js;tq_F3BIb9IQlPI+HLHRntWk3hX8=?bh=beacon.lightestwithqm.walmart.com" async=""></script><script type="text/javascript" async="" defer="" src="https://cdn.quantummetric.com/qscripts/quantum-walmart.js"></script><iframe style="display: none;" src="https://cdn.quantummetric.com/workers/quantum-walmart-worker.html"></iframe><link as="script" rel="prefetch" href="https://i5.walmartimages.com/dfw/63fd9f59-a745/9f24657f-1aa3-4e02-b75b-0963d3d7f75f/v2/en-US/_next/static/chunks/4128-498762b51a3abd1bc7eb.js"><link as="script" rel="prefetch" href="https://i5.walmartimages.com/dfw/63fd9f59-a745/9f24657f-1aa3-4e02-b75b-0963d3d7f75f/v2/en-US/_next/static/chunks/8554-010f2954ea4402e74f6b.js"><link as="script" rel="prefetch" href="https://i5.walmartimages.com/dfw/63fd9f59-a745/9f24657f-1aa3-4e02-b75b-0963d3d7f75f/v2/en-US/_next/static/chunks/54281-f7eebc3a8d6272c28de2.js"><link as="script" rel="prefetch" href="https://i5.walmartimages.com/dfw/63fd9f59-a745/9f24657f-1aa3-4e02-b75b-0963d3d7f75f/v2/en-US/_next/static/chunks/28399-03615ee86784dd9c7c82.js"><link as="script" rel="prefetch" href="https://i5.walmartimages.com/dfw/63fd9f59-a745/9f24657f-1aa3-4e02-b75b-0963d3d7f75f/v2/en-US/_next/static/chunks/7752-d8204036649d599097e7.js"><link as="script" rel="prefetch" href="https://i5.walmartimages.com/dfw/63fd9f59-a745/9f24657f-1aa3-4e02-b75b-0963d3d7f75f/v2/en-US/_next/static/chunks/6485-2328835642d7247213aa.js"><link as="script" rel="prefetch" href="https://i5.walmartimages.com/dfw/63fd9f59-a745/9f24657f-1aa3-4e02-b75b-0963d3d7f75f/v2/en-US/_next/static/chunks/62926-e199734613ac577e2774.js"><link as="script" rel="prefetch" href="https://i5.walmartimages.com/dfw/63fd9f59-a745/9f24657f-1aa3-4e02-b75b-0963d3d7f75f/v2/en-US/_next/static/chunks/79425-f9b3f6b363aa8d67970b.js"><link as="script" rel="prefetch" href="https://i5.walmartimages.com/dfw/63fd9f59-a745/9f24657f-1aa3-4e02-b75b-0963d3d7f75f/v2/en-US/_next/static/chunks/pages/ip/%5B...itemParams%5D-f3e494b9aab93d2b7fbb.js"><iframe style="display: none;"></iframe></head><body><div id="__next"><div class=""><div data-testid="layout-container" class="flex flex-column min-vh-100 shadow-2" style="transform:none;transition:transform .2s"><span data-testid="global-header" class="bg-blue sticky w-100 top-0 z-1"><a link-identifier="Generic Name" href="#maincontent" class="slider skip-main bg-white-90">Skip to Main Content</a><header><div class="center flex items-center justify-center pa4"><a link-identifier="walmartLogo" aria-label="Walmart Homepage" class="flex-none mr3" href="/"><img loading="lazy" alt="Walmart" class="db" src="//i5.walmartimages.com/dfw/63fd9f59-b3e1/7a569e53-f29a-4c3d-bfaf-6f7a158bfadd/v1/walmartLogo.svg" width="130" height="32"></a><section><div class="relative"><button type="button" class="flex items-center no-underline ph3 white desktop-header-trigger lh-title b pointer ba b--transparent bg-transparent sans-serif" style="border-radius:100px;height:40px;transition:all 100ms cubic-bezier(0.77, 0, 0.175, 1)" aria-haspopup="true" aria-expanded="false"><i class="ld ld-Grid mr2" style="font-size:1rem;vertical-align:-0.175em" aria-hidden="true"></i>Departments</button><div class="absolute bg-white br3 br--bottom left-0 lh-copy mt4 overflow-hidden shadow-1 dn" data-testid="departments-flyout" style="left: 50%; transform: none; margin-left: -135px; max-height: 267px;"><div><div class="flex"><div class="f6 overflow-auto" style="width: 246px; max-height: 267px; height: 100%;"><ul class="list ma0 pa0 pb3 pt4"></ul></div></div></div></div></div></section><section><div class="relative"><button type="button" class="flex items-center no-underline ph3 white desktop-header-trigger lh-title b pointer ba b--transparent bg-transparent sans-serif" style="border-radius:100px;height:40px;transition:all 100ms cubic-bezier(0.77, 0, 0.175, 1)" aria-haspopup="true" aria-expanded="false"><i class="ld ld-Services mr2" style="font-size:1rem;vertical-align:-0.175em" aria-hidden="true"></i>Services</button><div class="absolute bg-white br3 br--bottom left-0 lh-copy mt4 overflow-hidden shadow-1 dn" data-testid="services-flyout" style="left: 50%; transform: none; margin-left: -135px; max-height: 267px;"><div><div class="flex"><div class="f6 overflow-auto" style="width: 246px; max-height: 267px; height: 100%;"><ul class="list ma0 pa0 pb3 pt4"></ul></div></div></div></div></div></section><form action="/search" autocomplete="off" class="flex-auto ml3" role="search"><div class="flex flex-auto items-center relative"><input type="search" aria-label="Search" aria-activedescendant="" class="b--none f5 flex-auto lh-solid sans-serif br-pill" name="q" placeholder="Search everything at Walmart online and in store" style="height:40px;padding-left:1rem;padding-right:2.5rem" value=""><button aria-label="Clear search field text" class="absolute bn bg-transparent h-100 right-2" style="padding:0 0.75rem;cursor:pointer;opacity:0" type="reset" tabindex="-1" aria-hidden="true"><i class="ld ld-Close" style="font-size:1rem;vertical-align:-0.175em"></i></button><button aria-label="Search icon" class="absolute bn br-100 bg-gold h3 w3" style="right:0.25rem;cursor:pointer"><i class="ld ld-Search absolute" style="font-size:1rem;vertical-align:-0.175em;top:50%;left:50%;transform:translate(-50%, -50%)" aria-hidden="true"></i></button></div></form><div class="ml3 relative"><a link-identifier="Reorder my items" class="flex items-center no-underline ph3 white desktop-header-trigger lh-title lh-solid" style="border-radius:100px;height:40px;transition:all 100ms cubic-bezier(0.77, 0, 0.175, 1)" aria-haspopup="true" aria-expanded="false" role="button" href="/my-items"><i class="ld ld-Reorder" style="font-size:1rem;vertical-align:-0.175em" aria-hidden="true"></i><div class="ml2 nowrap"><div class="f7 lh-title">Reorder</div><div class="b">My Items</div></div></a><div class="absolute bg-white br3 br--bottom left-0 lh-copy mt4 overflow-hidden shadow-1 dn" data-testid="my-items-flyout" style="left:50%;transform:translateX(-50%)"><div class="ph4 pt4 pb2"><a link-identifier="Reorder" class="dark-gray db f6 no-underline nowrap desktop-header-flyout-link mb3" href="/my-items"><i class="ld ld-Reorder mr2" style="font-size:1rem;vertical-align:-0.175em"></i>Reorder</a><a link-identifier="Lists" class="dark-gray db f6 no-underline nowrap desktop-header-flyout-link mb3" href="/lists"><i class="ld ld-Heart mr2" style="font-size:1rem;vertical-align:-0.175em"></i>Lists</a><a link-identifier="Registries" class="dark-gray db f6 no-underline nowrap desktop-header-flyout-link mb3" href="/my-registries"><i class="ld ld-Gift mr2" style="font-size:1rem;vertical-align:-0.175em"></i>Registries</a></div></div></div><div class="relative"><a link-identifier="Account" class="flex items-center no-underline ph3 white desktop-header-trigger lh-title lh-solid" style="border-radius:100px;height:40px;transition:all 100ms cubic-bezier(0.77, 0, 0.175, 1)" aria-haspopup="true" aria-expanded="false" role="button" href="/account/login?vid=oaoh"><i class="ld ld-User" style="font-size:1rem;vertical-align:-0.175em" aria-hidden="true"></i><div class="ml2 nowrap"><div class="f7 mw3 mw4-xl lh-title truncate">Sign In</div><div class="b">Account</div></div></a><div class="absolute bg-white br3 br--bottom left-0 lh-copy mt4 overflow-hidden shadow-1 dn" data-testid="account-flyout" style="left:50%;transform:translateX(-50%)"><div class="pa4"><button class="w_6 w_8 w_AC db mb3 w-100" type="button">Sign In</button><a link-identifier="Create an account" class="no-underline" href="/account/signup?vid=oaoh"><button class="w_6 w_9 w_AC db mb3 w-100" type="button" tabindex="-1">Create an account</button></a><hr aria-hidden="true" class="w_Ah mb3"><a link-identifier="Purchase History" class="dark-gray db f6 no-underline nowrap desktop-header-flyout-link" href="/orders"><i class="ld ld-Receipt mr2" style="font-size:1rem;vertical-align:-0.175em"></i>Purchase History</a></div></div></div><div class="ml3" style="width:40px"><button type="button" id="cart-button-header" aria-label="Cart contains 0 items" class="bn bg-transparent br2 db flex flex-column items-center pa0 pointer relative sans-serif white"><i class="ld ld-Cart white" style="font-size:1.5rem;vertical-align:-0.25em"></i><span class="w_q w_y w_w absolute " id="cart-badge" style="left: 65%; bottom: 70%; padding: 0px 4px;">0</span><span class="db" style="font-size: 0.625rem;">$0.00</span></button></div></div></header></span><div class="flex flex-column flex-auto relative z-0" aria-hidden="false"><section data-testid="location-banner" class="bg-dark-blue white pv1"><div class="center items-center flex flex-auto ph3 ph4-m" style="line-height:2"><button class="w_6 w_AA w_AC white hover-white pa0 no-underline outline-onfocus" type="button" name="select-store-button" tabindex="0"><i class="ld ld-Store mr2" style="font-size:1rem;vertical-align:-0.175em"></i><span class="f7 f6-m underline pointer">Sacramento Supercenter</span></button><span class="mh2">|</span><button class="w_6 w_AA w_AC white hover-white pa0 no-underline truncate outline-onfocus" type="button" name="select-location-button" tabindex="0"><i class="ld ld-Location mr2" style="font-size:1rem;vertical-align:-0.175em"></i><span class="f7 f6-m underline pointer truncate">Sacramento, 95829</span></button><div class="sub-nav-link-container h3 flex-wrap justify-end cg-2 overflow-hidden flex-auto f6-m b"><a link-identifier="Generic Name" href="https://www.walmart.com/cp/1735450" class="white no-underline highlight-focus-hover ph2">Grocery</a><a link-identifier="Generic Name" href="https://www.walmart.com/cp/electronics/3944" class="white no-underline highlight-focus-hover ph2">Tech</a><a link-identifier="Generic Name" href="https://www.walmart.com/cp/clothing/5438" class="white no-underline highlight-focus-hover ph2">Fashion</a><a link-identifier="Generic Name" href="https://www.walmart.com/cp/home/4044" class="white no-underline highlight-focus-hover ph2">Home</a><a link-identifier="Generic Name" href="https://www.walmart.com/shop/all-gifts" class="white no-underline highlight-focus-hover ph2">Gifts for mom</a><a link-identifier="Generic Name" href="https://www.walmart.com/shop/deals" class="white no-underline highlight-focus-hover ph2">Deals</a><a link-identifier="Generic Name" href="https://www.walmart.com/shop/deals/flash-picks" class="white no-underline highlight-focus-hover ph2">Flash picks</a><a link-identifier="Generic Name" href="https://www.walmart.com/plus" class="white no-underline highlight-focus-hover ph2">Walmart+</a></div></div></section><div class="flex-auto relative z-1"><div class="center mw1280 main-content"><section><main class="ph4"><div data-testid="flex-container" class="flex flex-column h-100"><div class="h-100 relative"><div data-testid="flex-container" class="flex flex-column h-100"><div class="h-100 relative"><nav aria-label="breadcrumb" class="ma3 mh0-m mh0-xl mb4-xl"><ol class="w_e"><li class="w_f"><a class="w_h gray" itemprop="item" href="/cp/976759"><span itemprop="name">Food</span></a><span aria-hidden="true" class="w_g">/</span></li><li class="w_f"><a class="w_h gray" itemprop="item" href="/cp/976787"><span itemprop="name">Snacks, Cookies &amp; Chips</span></a><span aria-hidden="true" class="w_g">/</span></li><li class="w_f"><a class="w_h gray" itemprop="item" href="/cp/1001390"><span itemprop="name">Chips</span></a><span aria-hidden="true" class="w_g">/</span></li><li class="w_f"><a class="w_h black" itemprop="item" href="/cp/5517955"><span itemprop="name">Lay's Potato Chips</span></a></li></ol></nav><div class="w_CF pa0" id="ITEM-SkylineDisplayAd-top"><span data-testid="UnfilledAd"></span></div> </div></div></div><div class="h-100 relative"><div class="w_CG w_CH flex-row-reverse" data-testid="flex-container"><div class="w_CI w_DH w_CM"><div data-testid="flex-container" class="flex flex-column h-100"><div class="h-100 relative"><div data-testid="sticky-buy-box" class="slide-sticky-buy-box-up z-5" style="margin-bottom:0"><div><div class="w_EY w_Ea pt0"><div class="overflow-hidden" style="transition: max-height 0.5s ease 0s; max-height: 400px;"><div class="w-100 flex"><p class="mh3 mt2 mb0 mt0-xl mb2-xl ml0-xl mt0-m mb2-m ml0-m"><span><span class="w_EN w_ET w_EW mt2 mr2" aria-hidden="false">Best seller</span></span><span><span class="w_EN w_ET w_EW mt2 mr0" aria-hidden="false">Popular pick</span><span class="f7 gray no-underline ml2 mr2">for "lays classic potato chips"</span></span></p></div><section class="ma3 ma0-m mt3-m flex flex-column"><section><a link-identifier="brandLink" class="f6 mid-gray lh-title" href="/c/brand/lays">Lay's</a></section><h1 class="f3 b lh-copy dark-gray mt1 mb2" itemprop="name">Lay's Classic Potato Chips, Party Size, 13 oz Bag</h1><div class="flex flex-row justify-between"><div data-testid="price-mobile" class="flex items-center flex-wrap f6 gray lh-title dn-m"><span class="b lh-copy dark-gray mr2 f1"><span itemprop="priceCurrency" hidden="">USD</span><span itemprop="price">$4.48</span></span><span class="mr2">34.5 ¢/oz</span></div><div class="flex flex-row items-center justify-end h2"><span class="black inline-flex mr1" itemprop="ratingValue"><i class="ld ld-StarFill" style="font-size:12px;vertical-align:-0.175em" aria-hidden="true"></i><i class="ld ld-StarFill" style="font-size:12px;vertical-align:-0.175em" aria-hidden="true"></i><i class="ld ld-StarFill" style="font-size:12px;vertical-align:-0.175em" aria-hidden="true"></i><i class="ld ld-StarFill" style="font-size:12px;vertical-align:-0.175em" aria-hidden="true"></i><i class="ld ld-Star" style="font-size:12px;vertical-align:-0.175em" aria-hidden="true"></i></span><span class="f7 rating-number">(4.1)</span><span class="w_AM">4.1<!-- --> stars out of <!-- -->1415<!-- --> <!-- -->reviews</span><a link-identifier="reviewsLink" class="f7 dark-gray pl1 underline" itemprop="ratingCount" data-testid="item-review-section-link" style="cursor:pointer" role="link">1415 reviews</a></div></div></section></div><div class="pt3"><div data-testid="add-to-cart-section" class="justify-between items-center"><div class="flex flex-column"><div data-testid="add-to-cart-price-atf" class="f6 gray lh-title mb3 dn db-m"><span class="b lh-copy dark-gray mr2 f1"><span itemprop="priceCurrency" hidden="">USD</span><span itemprop="price">$4.48</span></span><span class="mr2">34.5 ¢/oz</span></div><div data-testid="sticky-add-to-cart-price" class="relative lh-title f6 gray pb3 dn"><span class="b dark-gray mr2 f1 dib mt2">$4.48</span></div><div class=""><div class="dib relative"><button class="w_6 w_8 w_AD" type="button" style="position:relative" aria-label="Add to cart - Lay's Classic Potato Chips, Party Size, 13 oz Bag"><span style="visibility:visible">Add to cart</span></button></div></div></div></div></div><div class="mv3"><hr aria-hidden="true" class="w_Ah"></div><div class="f6 bw0-xl b--near-white ml3 mr3 mid-gray ml0-m mr0-m"><div class="f6 normal lh-title w-100"><div class="ma0 pa0 list w-100" data-testid="fulfillmentLabel-1P"><div class="flex mt3 lh-copy"><div><i class="ld ld-Car pr3" style="font-size:1rem;vertical-align:-0.175em" aria-hidden="true"></i></div><div><span>Pickup, <span class="b black">
            today
             </span> at </span><button class="bg-transparent bn lh-solid pa0 sans-serif tc underline inline-button black pointer f6 pa0" type="button" aria-label="Sacramento Supercenter, change store">Sacramento Supercenter</button></div></div><div class="flex mt3 f6 lh-copy" data-testid="product-aisle-location"><div><i class="ld ld-Location pr3" style="font-size:1rem;vertical-align:-0.175em" aria-hidden="true"></i></div><span class="gray">Aisle <!-- -->A25</span></div><div class="flex mt3 lh-copy"><div><i class="ld ld-ShoppingBag pr3" style="font-size:1rem;vertical-align:-0.175em" aria-hidden="true"></i></div><div><span><span class="b black">
            
             </span>Delivery from store</span><div class="di"><button class="bg-transparent bn lh-solid pa0 sans-serif tc underline inline-button black pointer f6 pl1" type="button" aria-label="Check eligibility">Check eligibility</button></div></div></div></div></div></div><div class="mv3" data-testid="fm-ssb-rp"><hr aria-hidden="true" class="w_Ah"></div><div class="ma3 mh0-l"><div class="flex"><div class="mr4"><section><button class="bg-transparent bn lh-solid pa0 sans-serif tc underline inline-button black pointer f6" type="button"><i class="ld ld-Heart mr3" style="font-size: 1rem; vertical-align: -0.175em;" aria-hidden="true"></i>Add to list</button></section></div><div class="b--near-white bl mr4"></div><section><button class="bg-transparent bn lh-solid pa0 sans-serif tc underline inline-button black pointer f6" type="button"><i class="ld ld-Gift mr3" style="font-size: 1rem; vertical-align: -0.175em;" aria-hidden="true"></i>Add to registry</button></section></div><div class="mv4 mv3-m"><hr aria-hidden="true" class="w_Ah"></div></div><span class="w_AM" aria-live="assertive"></span><span class="w_AM" aria-live="polite"></span><div class="overflow-hidden" style="transition: max-height 0.5s ease 0s; max-height: 300px;"><section><div class="f6 mid-gray"><h2 class="pb3 f5 black w-100 ma0 lh-copy b">More seller options (<!-- -->1<!-- -->)</h2><div class="mb1">Starting from <!-- -->$13.99</div><button class="bg-transparent bn lh-solid pa0 sans-serif tc underline inline-button black pointer f6" type="button" aria-label="Compare all sellers">Compare all sellers</button></div></section> </div><div class="overflow-hidden"></div></div></div></div><span></span><div class=""><section><div class="mv3 ph3 pv2 shadow-2 br3 relative w-100 mt3 center-m" role="banner" style="background-image: url(&quot;//i5.walmartimages.com/dfw/63fd9f59-92ac/7746f0e6-bf25-498e-87c0-2cf76a5f9bcc/v1/wplus_dweb-bookslot_bottom-right.svg&quot;), url(&quot;//i5.walmartimages.com/dfw/63fd9f59-92ac/7746f0e6-bf25-498e-87c0-2cf76a5f9bcc/v1/wplus_dweb-bookslot_top-right.svg&quot;), url(&quot;//i5.walmartimages.com/dfw/63fd9f59-92ac/7746f0e6-bf25-498e-87c0-2cf76a5f9bcc/v1/wplus_dweb-bookslot_left.svg&quot;); background-repeat: no-repeat, no-repeat, no-repeat; background-position: right bottom, right top, left bottom;" data-testid="wplus-banner"><a link-identifier="Start 30-day free trial" href="https://www.walmart.com/plus?povid=wpl_item_acq&amp;athcpid=0d39a734-929b-4464-b413-69e83181e332&amp;athpgid=AthenaItempage&amp;athznid=athenaModuleZone&amp;athmtid=AthenaWalmartPlusBanner&amp;athtvid=3&amp;athena=true&amp;athstid=CS100&amp;athguid=dFbuW_C9pKPEKYPZtumOU3QreyHeca--UhpN&amp;athwpid=0" class="no-underline"><div class="flex items-center"><img loading="lazy" class="h-100" alt="walmart plus" src="//i5.walmartimages.com/dfw/63fd9f59-3e1b/a3d2466d-fa02-4f2d-a401-aca52a4aac17/v1/walmartPlus-logo-blue.svg" width="60" height="23"><div class="dib w-75  w-auto-m"><h2 class="f6 ml3 mv0 v-mid lh-copy db dib-m black">Get free delivery, shipping and more*</h2></div></div><div class="mt1 dib "><span class="f6 mid-gray mr2">*Restrictions apply</span><span class="f6 mv2 pa0-l underline black">Start 30-day free trial</span></div></a></div></section></div> <div data-testid="buy-box-ad" class="ma3 mv4-xl mh0-xl slide-ad-buy-box-up"><span><div class="w_Z w_c pa0 relative"><div data-item-id="13908695" class="sans-serif mid-gray relative flex flex-column w-100 pa3"><div class="absolute top-0 left-0 w-100 h-100 z-1"><a link-identifier="13908695" href="https://wrd.walmart.com/track?bt=1&amp;eventST=click&amp;plmt=sp-item-top~desktop~&amp;pos=1&amp;tax=976759_976787_1001390_5517955&amp;rdf=1&amp;rd=https%3A%2F%2Fwww.walmart.com%2Fip%2F%2F13908695&amp;adUid=fd4698b4-4443-4dbb-aaca-89ef75c07104&amp;mloc=sp-item-top&amp;pltfm=desktop&amp;pgId=677669806&amp;pt=item&amp;spQs=8ha_BMjzm5iAK1zjJqiE5meDitSRrL16Xpn2k9W2sFjrWlQYM5Yq-X8Tu3ge7RqfuOR4SsW9_sOf6vlN8uHQkFwaD2ES28wNnqMI5IEQf_YHvcRIiH7MH8Gz7g2JymKJ-5OQaZWQwDjTrGNN1rFFdf6zs_UcGG8OjlY-HZupfwOf9bLxqZSXAaY6mFRBVJNOTQdeBf1xCsu2QgUIbo7Jjg&amp;storeId=3081&amp;bkt=2245" class="absolute w-100 h-100 z-1"><span class="w_AM">Kettle Brand Potato Chips, Jalapeno Kettle Chips, 8.5 Oz</span></a></div><div class="flex flex-row"><div class="flex justify-start"><div class="relative"><div class="aspect-ratio aspect-ratio--1x1"><img loading="lazy" srcset="https://i5.walmartimages.com/asr/5f74f445-72da-404e-a857-4440296f6f02.f82579d386b20d859c50cc50879b0f55.jpeg?odnHeight=140&amp;odnWidth=140&amp;odnBg=FFFFFF 1x, https://i5.walmartimages.com/asr/5f74f445-72da-404e-a857-4440296f6f02.f82579d386b20d859c50cc50879b0f55.jpeg?odnHeight=282&amp;odnWidth=282&amp;odnBg=FFFFFF 2x" style="object-fit:contain;min-width:140px" class="db overflow-hidden" alt="Kettle Brand Potato Chips, Jalapeno Kettle Chips, 8.5 Oz" src="https://i5.walmartimages.com/asr/5f74f445-72da-404e-a857-4440296f6f02.f82579d386b20d859c50cc50879b0f55.jpeg?odnHeight=140&amp;odnWidth=140&amp;odnBg=FFFFFF" width="140" height="140"></div></div></div><div class="ml3 relative"><div class="z-2 mb2 relative"><div class="dib relative"><button class="w_6 w_8 w_AD pointer bn bg-blue hover-bg-dark-blue white sans-serif b w-auto ph2 flex items-center justify-center shadow-1" type="button" aria-label="Add to cart - Kettle Brand Potato Chips, Jalapeno Kettle Chips, 8.5 Oz"><i class="ld ld-Plus" style="font-size:1.5rem;vertical-align:-0.25em" title="add to cart"></i><span class="mr2">Add</span></button></div></div><div class="f7 gray mb1">Sponsored</div><div class="flex flex-wrap justify-start items-center lh-title mb2 mb1-m"><div class="b black f5 mr1 mr2-xl lh-copy f4-l" aria-hidden="true">$2.98</div><span class="w_AM">current price $2.98</span><div class="f7 f6-l gray mr1">35.1 cents/OZ</div></div><span class="w_AJ" style="-webkit-line-clamp:3;padding-bottom:0em;margin-bottom:-0em"><h3 class="f6 normal mid-gray mb0 mt0 lh-copy">Kettle Brand Potato Chips, Jalapeno Kettle Chips, 8.5 Oz</h3></span><div class=""><div class="mt2 flex items-center"><span class="black inline-flex mr1"><i class="ld ld-StarFill" style="font-size:12px;vertical-align:-0.175em" aria-hidden="true"></i><i class="ld ld-StarFill" style="font-size:12px;vertical-align:-0.175em" aria-hidden="true"></i><i class="ld ld-StarFill" style="font-size:12px;vertical-align:-0.175em" aria-hidden="true"></i><i class="ld ld-StarFill" style="font-size:12px;vertical-align:-0.175em" aria-hidden="true"></i><i class="ld ld-StarHalf" style="font-size:12px;vertical-align:-0.175em" aria-hidden="true"></i></span><span class="sans-serif gray f7" aria-hidden="true">1579</span><span class="w_AM">4.7 out of 5 Stars. 1579 reviews</span></div><div class="mt2 mb2"><span class="w_EN w_ET w_EX mr1 mt1 ph1">Pickup</span><span class="w_EN w_ET w_EX mr1 mt1 ph1">Delivery</span><span class="w_EN w_ET w_EX mr1 mt1 ph1">3+ day shipping</span></div></div></div></div></div></div></span></div> </div></div></div><div class="w_CI w_DH w_CQ"><div data-testid="flex-container" class="flex flex-column h-100"><div class="h-100 relative"><section class="flex items-center" data-testid="vertical-hero-carousel"><div class="ma2" style="width:96px"><div class="h3 tc"><button aria-label="previous image" class="h3 w3 pa0 ba bg-white b--black br4 pointer dn"><i class="ld ld-ChevronUp" style="font-size:1rem;vertical-align:-0.175em"></i></button></div><div class="container overflow-y-hidden mv3" data-testid="vertical-carousel-container" role="presentation" style="height:540px;max-height:540px"><div class="tc"><button class="pa0 ma0 bn bg-white b--white br0 pb3 pointer" data-testid="item-page-vertical-carousel-hero-image-button"><div class="relative"><img loading="lazy" srcset="https://i5.walmartimages.com/asr/15b0a328-0403-4e27-b256-698e69675801.4479d277258b0bb9993670ed400a98d0.jpeg?odnHeight=80&amp;odnWidth=80&amp;odnBg=FFFFFF 1x,
          https://i5.walmartimages.com/asr/15b0a328-0403-4e27-b256-698e69675801.4479d277258b0bb9993670ed400a98d0.jpeg?odnHeight=160&amp;odnWidth=160&amp;odnBg=FFFFFF 2x" alt="image 0 of Lay's Classic Potato Chips, Party Size, 13 oz Bag" style="object-fit:contain;min-width:80px;max-width:80px;max-height:80px;overflow:hidden" src="https://i5.walmartimages.com/asr/15b0a328-0403-4e27-b256-698e69675801.4479d277258b0bb9993670ed400a98d0.jpeg?odnHeight=80&amp;odnWidth=80&amp;odnBg=FFFFFF" width="80" height="80"></div><div class="bb bw2 pt1 w-100 b--blue" data-testid="image-marker"></div></button></div><div class="tc"><button class="pa0 ma0 bn bg-white b--white br0 pb3 pointer" data-testid="item-page-vertical-carousel-hero-image-button"><div class="relative"><img loading="lazy" srcset="https://i5.walmartimages.com/asr/c6ce5703-675a-4ff9-9c17-decaae6ebb1a.463d47e8be7ca60436c2f1519123509e.jpeg?odnHeight=80&amp;odnWidth=80&amp;odnBg=FFFFFF 1x,
          https://i5.walmartimages.com/asr/c6ce5703-675a-4ff9-9c17-decaae6ebb1a.463d47e8be7ca60436c2f1519123509e.jpeg?odnHeight=160&amp;odnWidth=160&amp;odnBg=FFFFFF 2x" alt="image 1 of Lay's Classic Potato Chips, Party Size, 13 oz Bag" style="object-fit:contain;min-width:80px;max-width:80px;max-height:80px;overflow:hidden" src="https://i5.walmartimages.com/asr/c6ce5703-675a-4ff9-9c17-decaae6ebb1a.463d47e8be7ca60436c2f1519123509e.jpeg?odnHeight=80&amp;odnWidth=80&amp;odnBg=FFFFFF" width="80" height="80"></div><div class="bb bw2 pt1 w-100 b--white" data-testid="image-marker"></div></button></div><div class="tc"><button class="pa0 ma0 bn bg-white b--white br0 pb3 pointer" data-testid="item-page-vertical-carousel-hero-image-button"><div class="relative"><img loading="lazy" srcset="https://i5.walmartimages.com/asr/8d167bdf-e0e5-46cf-8fd3-016b7cc16e9d_1.8a6519f80d4489fa4c07c169c3976294.jpeg?odnHeight=80&amp;odnWidth=80&amp;odnBg=FFFFFF 1x,
          https://i5.walmartimages.com/asr/8d167bdf-e0e5-46cf-8fd3-016b7cc16e9d_1.8a6519f80d4489fa4c07c169c3976294.jpeg?odnHeight=160&amp;odnWidth=160&amp;odnBg=FFFFFF 2x" alt="image 2 of Lay's Classic Potato Chips, Party Size, 13 oz Bag" style="object-fit:contain;min-width:80px;max-width:80px;max-height:80px;overflow:hidden" src="https://i5.walmartimages.com/asr/8d167bdf-e0e5-46cf-8fd3-016b7cc16e9d_1.8a6519f80d4489fa4c07c169c3976294.jpeg?odnHeight=80&amp;odnWidth=80&amp;odnBg=FFFFFF" width="80" height="80"></div><div class="bb bw2 pt1 w-100 b--white" data-testid="image-marker"></div></button></div><div class="tc"><button class="pa0 ma0 bn bg-white b--white br0 pb3 pointer" data-testid="item-page-vertical-carousel-hero-image-button"><div class="relative"><img loading="lazy" srcset="https://i5.walmartimages.com/asr/491b2423-3bfc-4ff9-b41a-7ed2db3341ca_1.5641efa50f08924cfe53bfeba6e2b3f4.jpeg?odnHeight=80&amp;odnWidth=80&amp;odnBg=FFFFFF 1x,
          https://i5.walmartimages.com/asr/491b2423-3bfc-4ff9-b41a-7ed2db3341ca_1.5641efa50f08924cfe53bfeba6e2b3f4.jpeg?odnHeight=160&amp;odnWidth=160&amp;odnBg=FFFFFF 2x" alt="image 3 of Lay's Classic Potato Chips, Party Size, 13 oz Bag" style="object-fit:contain;min-width:80px;max-width:80px;max-height:80px;overflow:hidden" src="https://i5.walmartimages.com/asr/491b2423-3bfc-4ff9-b41a-7ed2db3341ca_1.5641efa50f08924cfe53bfeba6e2b3f4.jpeg?odnHeight=80&amp;odnWidth=80&amp;odnBg=FFFFFF" width="80" height="80"></div><div class="bb bw2 pt1 w-100 b--white" data-testid="image-marker"></div></button></div><div class="tc"><button class="pa0 ma0 bn bg-white b--white br0 pb3 pointer" data-testid="item-page-vertical-carousel-hero-image-button"><div class="relative"><img loading="lazy" srcset="https://i5.walmartimages.com/asr/d27aa91f-aede-4126-ae9c-47ca826cbf83.85fc0e9bbe9412707b9426350aedf82c.jpeg?odnHeight=80&amp;odnWidth=80&amp;odnBg=FFFFFF 1x,
          https://i5.walmartimages.com/asr/d27aa91f-aede-4126-ae9c-47ca826cbf83.85fc0e9bbe9412707b9426350aedf82c.jpeg?odnHeight=160&amp;odnWidth=160&amp;odnBg=FFFFFF 2x" alt="image 4 of Lay's Classic Potato Chips, Party Size, 13 oz Bag" style="object-fit:contain;min-width:80px;max-width:80px;max-height:80px;overflow:hidden" src="https://i5.walmartimages.com/asr/d27aa91f-aede-4126-ae9c-47ca826cbf83.85fc0e9bbe9412707b9426350aedf82c.jpeg?odnHeight=80&amp;odnWidth=80&amp;odnBg=FFFFFF" width="80" height="80"></div><div class="bb bw2 pt1 w-100 b--white" data-testid="image-marker"></div></button></div><div class="tc"><button class="pa0 ma0 bn bg-white b--white br0 pb3 pointer" data-testid="item-page-vertical-carousel-hero-image-button"><div class="relative"><img loading="lazy" srcset="https://i5.walmartimages.com/asr/49fa158e-b68e-4cc1-8fa0-b75f61fd3a71_1.211ae17b94cca45f2102995be8f3d12c.jpeg?odnHeight=80&amp;odnWidth=80&amp;odnBg=FFFFFF 1x,
          https://i5.walmartimages.com/asr/49fa158e-b68e-4cc1-8fa0-b75f61fd3a71_1.211ae17b94cca45f2102995be8f3d12c.jpeg?odnHeight=160&amp;odnWidth=160&amp;odnBg=FFFFFF 2x" alt="image 5 of Lay's Classic Potato Chips, Party Size, 13 oz Bag" style="object-fit:contain;min-width:80px;max-width:80px;max-height:80px;overflow:hidden" src="https://i5.walmartimages.com/asr/49fa158e-b68e-4cc1-8fa0-b75f61fd3a71_1.211ae17b94cca45f2102995be8f3d12c.jpeg?odnHeight=80&amp;odnWidth=80&amp;odnBg=FFFFFF" width="80" height="80"></div><div class="bb bw2 pt1 w-100 b--white" data-testid="image-marker"></div></button></div><div class="tc"><button class="pa0 ma0 bn bg-white b--white br0 pb3 pointer" data-testid="item-page-vertical-carousel-hero-image-button"><div class="relative"><img loading="lazy" srcset="https://i5.walmartimages.com/asr/5adac600-8546-449e-b061-6c0feaf6f6aa_1.7ba6e98560d5fd70e180abb4d7857a21.jpeg?odnHeight=80&amp;odnWidth=80&amp;odnBg=FFFFFF 1x,
          https://i5.walmartimages.com/asr/5adac600-8546-449e-b061-6c0feaf6f6aa_1.7ba6e98560d5fd70e180abb4d7857a21.jpeg?odnHeight=160&amp;odnWidth=160&amp;odnBg=FFFFFF 2x" alt="image 6 of Lay's Classic Potato Chips, Party Size, 13 oz Bag" style="object-fit:contain;min-width:80px;max-width:80px;max-height:80px;overflow:hidden" src="https://i5.walmartimages.com/asr/5adac600-8546-449e-b061-6c0feaf6f6aa_1.7ba6e98560d5fd70e180abb4d7857a21.jpeg?odnHeight=80&amp;odnWidth=80&amp;odnBg=FFFFFF" width="80" height="80"></div><div class="bb bw2 pt1 w-100 b--white" data-testid="image-marker"></div></button></div></div><div class="h3 tc"><button aria-label="next image" class="h3 w3 pa0 ba bg-white b--black br4 pointer"><i class="ld ld-ChevronDown" style="font-size:1rem;vertical-align:-0.175em"></i></button></div></div><div class="mr3 ml7 self-center relative" style="width:692px"><div class="relative"><img loading="lazy" alt="Lay's Classic Potato Chips, Party Size, 13 oz Bag" style="object-fit:contain;min-width:300px;min-height:613px" src="https://i5.walmartimages.com/asr/15b0a328-0403-4e27-b256-698e69675801.4479d277258b0bb9993670ed400a98d0.jpeg?odnHeight=612&amp;odnWidth=612&amp;odnBg=FFFFFF" class="db" width="613" height="613"></div><div class="flex flex-row items-center justify-center"><div class="flex flex-column items-center pa1"><button type="button" class="h3 w3 ba bg-white b--black br4" aria-label="Zoom image modal"><i class="ld ld-ZoomIn" style="font-size:1rem;vertical-align:-0.175em"></i></button></div></div></div></section> <!-- --><div data-testid="ip-p13n-carousel"><hr aria-hidden="true" class="w_Ah dn-xl"><section><section class="mv3 pt2"><header class="flex justify-between mb3 mb2-m pr3 pr4-m pr0-xl items-baseline"><section><div><div><div class="inline-flex "><h2 class="f4 f3-m lh-title ma0 ">Similar items you might like</h2></div><h3 class="f6 gray lh-title ma0 mt2 mt1-m normal">Based on what customers bought</h3></div></div></section></header><div class="flex flex-column justify-center relative"><button class="absolute dn z-999 bg-white br-100 pa0 pointer ba hidden-child br-100 ba b--black nav-control left-1" style="top: 100px;" aria-label="Previous slide for Similar items you might like list"><i class="ld ld-ChevronLeft" style="font-size: 1.5rem; vertical-align: -0.25em; padding: 12px;"></i></button><ul style="display: grid; grid-auto-flow: column; scroll-snap-type: x mandatory; max-height: fit-content;" class="list ma0 pl0 overflow-x-scroll hidesb hidesb-wk relative overflow-y-hidden carousel-peek-2 spl2 spl4-xl pr3-m carousel-4-xl" data-testid="carousel-container"><li class="flex flex-column items-center pa1 pr2 pb2 pr4" aria-hidden="false" data-slide="0" style="scroll-snap-align: start;"><div data-item-id="772029598" class="sans-serif mid-gray relative flex flex-column w-100 h-100" data-testid="product-tile-0"><a link-identifier="772029598" class="absolute w-100 h-100 z-1" href="/ip/Lay-s-Potato-Chips-Lightly-Salted-Classic-12-5-Oz/772029598?athcpid=772029598&amp;athpgid=AthenaItempage&amp;athcgid=null&amp;athznid=si&amp;athieid=v0&amp;athstid=CS004&amp;athguid=dFbuW_C9pKPEKYPZtumOU3QreyHeca--UhpN&amp;athancid=null&amp;athena=true"><span class="w_AM">Lay's Potato Chips Lightly Salted Classic 12.5 Oz</span></a><div class="h2 relative mv2"></div><div class="relative"><div class="relative overflow-hidden" style="max-width: 186px; height: 186px; padding-bottom: min(186px, 100%); align-self: center; width: 186px;"><img loading="lazy" class="absolute top-0 left-0" data-testid="productTileImage" alt="" src="https://i5.walmartimages.com/asr/0c2e79e3-b8b2-46ac-9407-172db44ce1b3.0e56e44da418275ceae31c7f0c71a0b1.jpeg?odnHeight=372&amp;odnWidth=372&amp;odnBg=FFFFFF" width="" height=""></div><div class="z-2 absolute bottom--1"><div class="dib relative"><button class="w_6 w_8 w_AD pointer bn bg-blue hover-bg-dark-blue white sans-serif b w-auto ph2 flex items-center justify-center shadow-1" type="button" aria-label="Add to cart - Lay's Potato Chips Lightly Salted Classic 12.5 Oz"><i class="ld ld-Plus" style="font-size: 1.5rem; vertical-align: -0.25em;" title="add to cart"></i><span class="mr2">Add</span></button></div></div></div><div class="mt5 mb1" style="height: 24px;" data-testid="variant-772029598"></div><div class="flex flex-wrap justify-start items-center lh-title mb2 mb1-m"><div class="b black f5 mr1 mr2-xl lh-copy f4-l" aria-hidden="true">$4.48</div><span class="w_AM">current price $4.48</span><div class="f7 f6-l strike gray mr3" aria-hidden="true">$5.89</div><span class="w_AM">was $5.89</span><div class="f7 f6-l gray mr1">35.8 ¢/oz</div></div><span class="w_AJ" style="-webkit-line-clamp: 3; padding-bottom: 0em; margin-bottom: 0em;"><span class="f6 f5-l normal dark-gray mb0 mt1 lh-title">Lay's Potato Chips Lightly Salted Classic 12.5 Oz</span></span><div class="mt2 flex items-center"><span class="black inline-flex mr1"><i class="ld ld-StarFill" style="font-size: 12px; vertical-align: -0.175em;" aria-hidden="true"></i><i class="ld ld-StarFill" style="font-size: 12px; vertical-align: -0.175em;" aria-hidden="true"></i><i class="ld ld-StarFill" style="font-size: 12px; vertical-align: -0.175em;" aria-hidden="true"></i><i class="ld ld-StarFill" style="font-size: 12px; vertical-align: -0.175em;" aria-hidden="true"></i><i class="ld ld-StarHalf" style="font-size: 12px; vertical-align: -0.175em;" aria-hidden="true"></i></span><span class="sans-serif gray f7" aria-hidden="true">430</span><span class="w_AM">4.3 out of 5 Stars. 430 reviews</span></div><div class="mt2 mb2"><span class="w_EN w_ET w_EX mr1 mt1 ph1">Pickup</span><span class="w_EN w_ET w_EX mr1 mt1 ph1">Delivery</span></div></div></li><li class="flex flex-column items-center pa1 pr2 pb2 pr4" aria-hidden="false" data-slide="1"><div data-item-id="367648982" data-ad-component-type="wpa-tile" class="sans-serif mid-gray relative flex flex-column w-100 h-100" data-testid="product-tile-1"><a link-identifier="367648982" href="https://wrd.walmart.com/track?bt=1&amp;eventST=click&amp;plmt=sp-item-p13n~desktop~Similar%20items%20you%20might%20like&amp;pos=2&amp;tax=976759_976787_1001390_5517955&amp;rdf=1&amp;rd=https%3A%2F%2Fwww.walmart.com%2Fip%2FBugles-Crispy-Corn-Snacks-Original-Flavor-Snack-Bag-8-75-oz%2F367648982%3Fathcpid%3D367648982%26athpgid%3DAthenaItempage%26athcgid%3Dnull%26athznid%3Dsi%26athieid%3Dv0%26athstid%3DCS099%26athguid%3DdFbuW_C9pKPEKYPZtumOU3QreyHeca--UhpN%26athancid%3Dnull%26athena%3Dtrue&amp;adUid=dFbuW_C9pKPEKYPZtumOU3QreyHeca--UhpN&amp;mloc=sp-item-p13n&amp;pltfm=desktop&amp;pgId=677669806&amp;pt=item&amp;spQs=qjv2J51tkA64o3WUZWMmjzm95gG6xrfIsV_438rPqQTufTmEJxR802nCoHL99j5E4uxIzdQqGsdcmuRawK7OSM2AeEN1aWZhIuUWD74WnJc&amp;storeId=3081&amp;athcpid=367648982&amp;athpgid=AthenaItempage&amp;athcgid=null&amp;athznid=si&amp;athieid=v0&amp;athstid=CS099&amp;athguid=dFbuW_C9pKPEKYPZtumOU3QreyHeca--UhpN&amp;athancid=null&amp;athena=true" class="absolute w-100 h-100 z-1"><span class="w_AM">Bugles Crispy Corn Snacks, Original Flavor, Snack Bag, 8.75 oz</span></a><div class="h2 relative mv2"></div><div class="relative"><div class="relative overflow-hidden" style="max-width: 186px; height: 186px; padding-bottom: min(186px, 100%); align-self: center; width: 186px;"><img loading="lazy" srcset="https://i5.walmartimages.com/asr/bf7bfca2-43ef-4d27-9ed2-5274e0408a40.2920b6a819a27ad971ab329760313804.jpeg?odnHeight=186&amp;odnWidth=186&amp;odnBg=FFFFFF 1x, https://i5.walmartimages.com/asr/bf7bfca2-43ef-4d27-9ed2-5274e0408a40.2920b6a819a27ad971ab329760313804.jpeg?odnHeight=372&amp;odnWidth=372&amp;odnBg=FFFFFF 2x" class="absolute top-0 left-0" data-testid="productTileImage" alt="" src="https://i5.walmartimages.com/asr/bf7bfca2-43ef-4d27-9ed2-5274e0408a40.2920b6a819a27ad971ab329760313804.jpeg?odnHeight=372&amp;odnWidth=372&amp;odnBg=FFFFFF" width="" height=""></div><div class="z-2 absolute bottom--1"><div class="dib relative"><button class="w_6 w_8 w_AD pointer bn bg-blue hover-bg-dark-blue white sans-serif b w-auto ph2 flex items-center justify-center shadow-1" type="button" aria-label="Add to cart - Bugles Crispy Corn Snacks, Original Flavor, Snack Bag, 8.75 oz"><i class="ld ld-Plus" style="font-size: 1.5rem; vertical-align: -0.25em;" title="add to cart"></i><span class="mr2">Add</span></button></div></div></div><div class="mt5 mb1" style="height: 24px;" data-testid="variant-367648982"><div class="flex items-center lh-title h2-l normal"><span class="gray f7">Sponsored</span></div></div><div class="flex flex-wrap justify-start items-center lh-title mb2 mb1-m"><div class="b black f5 mr1 mr2-xl lh-copy f4-l" aria-hidden="true">$5.70</div><span class="w_AM">current price $5.70</span><div class="f7 f6-l gray mr1">65.1 ¢/oz</div></div><span class="w_AJ" style="-webkit-line-clamp: 3; padding-bottom: 0em; margin-bottom: 0em;"><span class="f6 f5-l normal dark-gray mb0 mt1 lh-title">Bugles Crispy Corn Snacks, Original Flavor, Snack Bag, 8.75 oz</span></span><div class="mt2 flex items-center"><span class="black inline-flex mr1"><i class="ld ld-StarFill" style="font-size: 12px; vertical-align: -0.175em;" aria-hidden="true"></i><i class="ld ld-StarFill" style="font-size: 12px; vertical-align: -0.175em;" aria-hidden="true"></i><i class="ld ld-StarFill" style="font-size: 12px; vertical-align: -0.175em;" aria-hidden="true"></i><i class="ld ld-StarFill" style="font-size: 12px; vertical-align: -0.175em;" aria-hidden="true"></i><i class="ld ld-StarHalf" style="font-size: 12px; vertical-align: -0.175em;" aria-hidden="true"></i></span><span class="sans-serif gray f7" aria-hidden="true">247</span><span class="w_AM">4.6 out of 5 Stars. 247 reviews</span></div><div class="mt2 mb2"><span class="w_EN w_ET w_EX mr1 mt1 ph1">3+ day shipping</span></div></div></li><li class="flex flex-column items-center pa1 pr2 pb2 pr4" aria-hidden="false" data-slide="2"><div data-item-id="39360123" data-ad-component-type="wpa-tile" class="sans-serif mid-gray relative flex flex-column w-100 h-100" data-testid="product-tile-2"><a link-identifier="39360123" href="https://wrd.walmart.com/track?bt=1&amp;eventST=click&amp;plmt=sp-item-p13n~desktop~Similar%20items%20you%20might%20like&amp;pos=3&amp;tax=976759_976787_1001390_5517955&amp;rdf=1&amp;rd=https%3A%2F%2Fwww.walmart.com%2Fip%2FBugles-Crispy-Corn-Snacks-Nacho-Cheese-Family-Size-Snack-Bag-14-5-oz%2F39360123%3Fathcpid%3D39360123%26athpgid%3DAthenaItempage%26athcgid%3Dnull%26athznid%3Dsi%26athieid%3Dv0%26athstid%3DCS099%26athguid%3DdFbuW_C9pKPEKYPZtumOU3QreyHeca--UhpN%26athancid%3Dnull%26athena%3Dtrue&amp;adUid=dFbuW_C9pKPEKYPZtumOU3QreyHeca--UhpN&amp;mloc=sp-item-p13n&amp;pltfm=desktop&amp;pgId=677669806&amp;pt=item&amp;spQs=qjv2J51tkA64o3WUZWMmj6Z9bHp14iIdNroRYWJTqqYAfiq3PHa2EQStEctl-gD-KBMIwIJpG0fyVkZleMSSonmZFBoZnxJYtzOnw1g8Uig&amp;storeId=3081&amp;athcpid=39360123&amp;athpgid=AthenaItempage&amp;athcgid=null&amp;athznid=si&amp;athieid=v0&amp;athstid=CS099&amp;athguid=dFbuW_C9pKPEKYPZtumOU3QreyHeca--UhpN&amp;athancid=null&amp;athena=true" class="absolute w-100 h-100 z-1"><span class="w_AM">Bugles Crispy Corn Snacks, Nacho Cheese, Family Size Snack Bag, 14.5 oz</span></a><div class="h2 relative mv2"></div><div class="relative"><div class="relative overflow-hidden" style="max-width: 186px; height: 186px; padding-bottom: min(186px, 100%); align-self: center; width: 186px;"><img loading="lazy" srcset="https://i5.walmartimages.com/asr/c876b426-ab90-41c6-a16d-cd90c54451a2.96e27943e75178df402e02fb2d0e70ba.jpeg?odnHeight=186&amp;odnWidth=186&amp;odnBg=FFFFFF 1x, https://i5.walmartimages.com/asr/c876b426-ab90-41c6-a16d-cd90c54451a2.96e27943e75178df402e02fb2d0e70ba.jpeg?odnHeight=372&amp;odnWidth=372&amp;odnBg=FFFFFF 2x" class="absolute top-0 left-0" data-testid="productTileImage" alt="" src="https://i5.walmartimages.com/asr/c876b426-ab90-41c6-a16d-cd90c54451a2.96e27943e75178df402e02fb2d0e70ba.jpeg?odnHeight=372&amp;odnWidth=372&amp;odnBg=FFFFFF" width="" height=""></div><div class="z-2 absolute bottom--1"><div class="dib relative"><button class="w_6 w_8 w_AD pointer bn bg-blue hover-bg-dark-blue white sans-serif b w-auto ph2 flex items-center justify-center shadow-1" type="button" aria-label="Add to cart - Bugles Crispy Corn Snacks, Nacho Cheese, Family Size Snack Bag, 14.5 oz"><i class="ld ld-Plus" style="font-size: 1.5rem; vertical-align: -0.25em;" title="add to cart"></i><span class="mr2">Add</span></button></div></div></div><div class="mt5 mb1" style="height: 24px;" data-testid="variant-39360123"><div class="flex items-center lh-title h2-l normal"><span class="gray f7">Sponsored</span></div></div><div class="flex flex-wrap justify-start items-center lh-title mb2 mb1-m"><div class="b black f5 mr1 mr2-xl lh-copy f4-l" aria-hidden="true">$3.53</div><span class="w_AM">current price $3.53</span><div class="f7 f6-l gray mr1">24.3 ¢/oz</div></div><span class="w_AJ" style="-webkit-line-clamp: 3; padding-bottom: 0em; margin-bottom: 0em;"><span class="f6 f5-l normal dark-gray mb0 mt1 lh-title">Bugles Crispy Corn Snacks, Nacho Cheese, Family Size Snack Bag, 14.5 oz</span></span><div class="mt2 flex items-center"><span class="black inline-flex mr1"><i class="ld ld-StarFill" style="font-size: 12px; vertical-align: -0.175em;" aria-hidden="true"></i><i class="ld ld-StarFill" style="font-size: 12px; vertical-align: -0.175em;" aria-hidden="true"></i><i class="ld ld-StarFill" style="font-size: 12px; vertical-align: -0.175em;" aria-hidden="true"></i><i class="ld ld-StarFill" style="font-size: 12px; vertical-align: -0.175em;" aria-hidden="true"></i><i class="ld ld-StarHalf" style="font-size: 12px; vertical-align: -0.175em;" aria-hidden="true"></i></span><span class="sans-serif gray f7" aria-hidden="true">72</span><span class="w_AM">4.5 out of 5 Stars. 72 reviews</span></div><div class="mt2 mb2"><span class="w_EN w_ET w_EX mr1 mt1 ph1">Pickup</span><span class="w_EN w_ET w_EX mr1 mt1 ph1">Delivery</span><span class="w_EN w_ET w_EX mr1 mt1 ph1">3+ day shipping</span></div></div></li><li class="flex flex-column items-center pa1 pr2 pb2 pr4" aria-hidden="false" data-slide="3"><div data-item-id="652141083" class="sans-serif mid-gray relative flex flex-column w-100 h-100" data-testid="product-tile-3"><a link-identifier="652141083" class="absolute w-100 h-100 z-1" href="/ip/Lay-s-Wavy-Original-Potato-Chips-Party-Size-13-oz-Bag/652141083?athcpid=652141083&amp;athpgid=AthenaItempage&amp;athcgid=null&amp;athznid=si&amp;athieid=v0&amp;athstid=CS004&amp;athguid=dFbuW_C9pKPEKYPZtumOU3QreyHeca--UhpN&amp;athancid=null&amp;athena=true"><span class="w_AM">Lay's Wavy Original Potato Chips, Party Size, 13 oz Bag</span></a><div class="h2 relative mv2"></div><div class="relative"><div class="relative overflow-hidden" style="max-width: 186px; height: 186px; padding-bottom: min(186px, 100%); align-self: center; width: 186px;"><img loading="lazy" srcset="https://i5.walmartimages.com/asr/81559d4c-aa19-4858-97c5-158841d729a3.4ea62378814b1e82bc7fb3a92c7a7827.jpeg?odnHeight=186&amp;odnWidth=186&amp;odnBg=FFFFFF 1x, https://i5.walmartimages.com/asr/81559d4c-aa19-4858-97c5-158841d729a3.4ea62378814b1e82bc7fb3a92c7a7827.jpeg?odnHeight=372&amp;odnWidth=372&amp;odnBg=FFFFFF 2x" class="absolute top-0 left-0" data-testid="productTileImage" alt="" src="https://i5.walmartimages.com/asr/81559d4c-aa19-4858-97c5-158841d729a3.4ea62378814b1e82bc7fb3a92c7a7827.jpeg?odnHeight=372&amp;odnWidth=372&amp;odnBg=FFFFFF" width="" height=""></div><div class="z-2 absolute bottom--1 w-60"><div class="dib relative"><a class="w_6 w_8 w_AD pointer bn bg-blue hover-bg-dark-blue white sans-serif b w-auto ph2 flex items-center justify-center shadow-1" href="/ip/Lay-s-Wavy-Original-Potato-Chips-Party-Size-13-oz-Bag/652141083?athcpid=652141083&amp;athpgid=AthenaItempage&amp;athcgid=null&amp;athznid=si&amp;athieid=v0&amp;athstid=CS004&amp;athguid=dFbuW_C9pKPEKYPZtumOU3QreyHeca--UhpN&amp;athancid=null&amp;athena=true" aria-label="Options - Lay's Wavy Original Potato Chips, Party Size, 13 oz Bag"><span class="mh2">Options</span></a></div></div></div><div class="mt5 mb1" style="height: 24px;" data-testid="variant-652141083"><div class="f7 lh-solid tc h1 v-mid">+2 options</div></div><div class="flex flex-wrap justify-start items-center lh-title mb2 mb1-m"><div class="b f5 f4-l black mr1 lh-copy">$4.48</div></div><span class="w_AJ" style="-webkit-line-clamp: 3; padding-bottom: 0em; margin-bottom: 0em;"><span class="f6 f5-l normal dark-gray mb0 mt1 lh-title">Lay's Wavy Original Potato Chips, Party Size, 13 oz Bag</span></span><div class="mt2 flex items-center"><span class="black inline-flex mr1"><i class="ld ld-StarFill" style="font-size: 12px; vertical-align: -0.175em;" aria-hidden="true"></i><i class="ld ld-StarFill" style="font-size: 12px; vertical-align: -0.175em;" aria-hidden="true"></i><i class="ld ld-StarFill" style="font-size: 12px; vertical-align: -0.175em;" aria-hidden="true"></i><i class="ld ld-StarFill" style="font-size: 12px; vertical-align: -0.175em;" aria-hidden="true"></i><i class="ld ld-Star" style="font-size: 12px; vertical-align: -0.175em;" aria-hidden="true"></i></span><span class="sans-serif gray f7" aria-hidden="true">662</span><span class="w_AM">4.2 out of 5 Stars. 662 reviews</span></div><div class="mt2 mb2"><span class="w_EN w_ET w_EX mr1 mt1 ph1">Pickup</span><span class="w_EN w_ET w_EX mr1 mt1 ph1">Delivery</span><span class="w_EN w_ET w_EX mr1 mt1 ph1">3+ day shipping</span></div></div></li><li class="flex flex-column items-center pa1 pr2 pb2 pr4" aria-hidden="true" data-slide="4" style="scroll-snap-align: start;"><div data-item-id="180906867" class="sans-serif mid-gray relative flex flex-column w-100 h-100" data-testid="product-tile-4"><a link-identifier="180906867" class="absolute w-100 h-100 z-1" href="/ip/Lay-s-Classic-Potato-Chips-1-oz-Bags-10-Count/180906867?athcpid=180906867&amp;athpgid=AthenaItempage&amp;athcgid=null&amp;athznid=si&amp;athieid=v0&amp;athstid=CS004&amp;athguid=dFbuW_C9pKPEKYPZtumOU3QreyHeca--UhpN&amp;athancid=null&amp;athena=true"><span class="w_AM">Lay's Classic Potato Chips, 1 oz Bags, 10 Count</span></a><div class="h2 relative mv2"></div><div class="relative"><div class="relative overflow-hidden" style="max-width: 186px; height: 186px; padding-bottom: min(186px, 100%); align-self: center; width: 186px;"><img loading="lazy" srcset="https://i5.walmartimages.com/asr/dd02c3e4-f630-4d94-882a-f861af27d699.ca4606c54f686a575d2a7be72018886f.jpeg?odnHeight=186&amp;odnWidth=186&amp;odnBg=FFFFFF 1x, https://i5.walmartimages.com/asr/dd02c3e4-f630-4d94-882a-f861af27d699.ca4606c54f686a575d2a7be72018886f.jpeg?odnHeight=372&amp;odnWidth=372&amp;odnBg=FFFFFF 2x" class="absolute top-0 left-0" data-testid="productTileImage" alt="" src="https://i5.walmartimages.com/asr/dd02c3e4-f630-4d94-882a-f861af27d699.ca4606c54f686a575d2a7be72018886f.jpeg?odnHeight=372&amp;odnWidth=372&amp;odnBg=FFFFFF" width="" height=""></div><div class="z-2 absolute bottom--1"><div class="dib relative"><button class="w_6 w_8 w_AD pointer bn bg-blue hover-bg-dark-blue white sans-serif b w-auto ph2 flex items-center justify-center shadow-1" type="button" aria-label="Add to cart - Lay's Classic Potato Chips, 1 oz Bags, 10 Count"><i class="ld ld-Plus" style="font-size: 1.5rem; vertical-align: -0.25em;" title="add to cart"></i><span class="mr2">Add</span></button></div></div></div><div class="mt5 mb1" style="height: 24px;" data-testid="variant-180906867"></div><div class="flex flex-wrap justify-start items-center lh-title mb2 mb1-m"><div class="b black f5 mr1 mr2-xl lh-copy f4-l" aria-hidden="true">$16.99</div><span class="w_AM">current price $16.99</span></div><span class="w_AJ" style="-webkit-line-clamp: 3; padding-bottom: 0em; margin-bottom: 0em;"><span class="f6 f5-l normal dark-gray mb0 mt1 lh-title">Lay's Classic Potato Chips, 1 oz Bags, 10 Count</span></span><div class="mt2 flex items-center"><span class="black inline-flex mr1"><i class="ld ld-StarFill" style="font-size: 12px; vertical-align: -0.175em;" aria-hidden="true"></i><i class="ld ld-StarFill" style="font-size: 12px; vertical-align: -0.175em;" aria-hidden="true"></i><i class="ld ld-StarFill" style="font-size: 12px; vertical-align: -0.175em;" aria-hidden="true"></i><i class="ld ld-StarFill" style="font-size: 12px; vertical-align: -0.175em;" aria-hidden="true"></i><i class="ld ld-StarHalf" style="font-size: 12px; vertical-align: -0.175em;" aria-hidden="true"></i></span><span class="sans-serif gray f7" aria-hidden="true">441</span><span class="w_AM">4.6 out of 5 Stars. 441 reviews</span></div><div class="mt2 mb2"><span class="w_EN w_ET w_EX mr1 mt1 ph1">2-day shipping</span></div></div></li><li class="flex flex-column items-center pa1 pr2 pb2 pr4" aria-hidden="true" data-slide="5"><div data-item-id="198082763" class="sans-serif mid-gray relative flex flex-column w-100 h-100" data-testid="product-tile-5"><a link-identifier="198082763" class="absolute w-100 h-100 z-1" href="/ip/Lay-s-Potato-Chips-Barbecue-Flavored-12-5-oz/198082763?athcpid=198082763&amp;athpgid=AthenaItempage&amp;athcgid=null&amp;athznid=si&amp;athieid=v0&amp;athstid=CS004&amp;athguid=dFbuW_C9pKPEKYPZtumOU3QreyHeca--UhpN&amp;athancid=null&amp;athena=true"><span class="w_AM">Lay's Potato Chips, Barbecue Flavored, 12.5 oz</span></a><div class="h2 relative mv2"></div><div class="relative"><div class="relative overflow-hidden" style="max-width: 186px; height: 186px; padding-bottom: min(186px, 100%); align-self: center; width: 186px;"><img loading="lazy" srcset="https://i5.walmartimages.com/asr/b961098e-51cb-4966-beb7-d79dc059d1e4.f124b2113fe193f62eb0e62a85349b33.jpeg?odnHeight=186&amp;odnWidth=186&amp;odnBg=FFFFFF 1x, https://i5.walmartimages.com/asr/b961098e-51cb-4966-beb7-d79dc059d1e4.f124b2113fe193f62eb0e62a85349b33.jpeg?odnHeight=372&amp;odnWidth=372&amp;odnBg=FFFFFF 2x" class="absolute top-0 left-0" data-testid="productTileImage" alt="" src="https://i5.walmartimages.com/asr/b961098e-51cb-4966-beb7-d79dc059d1e4.f124b2113fe193f62eb0e62a85349b33.jpeg?odnHeight=372&amp;odnWidth=372&amp;odnBg=FFFFFF" width="" height=""></div><div class="z-2 absolute bottom--1"><div class="dib relative"><button class="w_6 w_8 w_AD pointer bn bg-blue hover-bg-dark-blue white sans-serif b w-auto ph2 flex items-center justify-center shadow-1" type="button" aria-label="Add to cart - Lay's Potato Chips, Barbecue Flavored, 12.5 oz"><i class="ld ld-Plus" style="font-size: 1.5rem; vertical-align: -0.25em;" title="add to cart"></i><span class="mr2">Add</span></button></div></div></div><div class="mt5 mb1" style="height: 24px;" data-testid="variant-198082763"></div><div class="flex flex-wrap justify-start items-center lh-title mb2 mb1-m"><div class="b black f5 mr1 mr2-xl lh-copy f4-l" aria-hidden="true">$4.48</div><span class="w_AM">current price $4.48</span><div class="f7 f6-l gray mr1">35.8 ¢/oz</div></div><span class="w_AJ" style="-webkit-line-clamp: 3; padding-bottom: 0em; margin-bottom: 0em;"><span class="f6 f5-l normal dark-gray mb0 mt1 lh-title">Lay's Potato Chips, Barbecue Flavored, 12.5 oz</span></span><div class="mt2 flex items-center"><span class="black inline-flex mr1"><i class="ld ld-StarFill" style="font-size: 12px; vertical-align: -0.175em;" aria-hidden="true"></i><i class="ld ld-StarFill" style="font-size: 12px; vertical-align: -0.175em;" aria-hidden="true"></i><i class="ld ld-StarFill" style="font-size: 12px; vertical-align: -0.175em;" aria-hidden="true"></i><i class="ld ld-StarFill" style="font-size: 12px; vertical-align: -0.175em;" aria-hidden="true"></i><i class="ld ld-StarHalf" style="font-size: 12px; vertical-align: -0.175em;" aria-hidden="true"></i></span><span class="sans-serif gray f7" aria-hidden="true">653</span><span class="w_AM">4.3 out of 5 Stars. 653 reviews</span></div><div class="mt2 mb2"><span class="w_EN w_ET w_EX mr1 mt1 ph1">Pickup</span><span class="w_EN w_ET w_EX mr1 mt1 ph1">Delivery</span><span class="w_EN w_ET w_EX mr1 mt1 ph1">3+ day shipping</span></div></div></li><li class="flex flex-column items-center pa1 pr2 pb2 pr4" aria-hidden="true" data-slide="6"><div data-item-id="47217461" class="sans-serif mid-gray relative flex flex-column w-100 h-100" data-testid="product-tile-6"><a link-identifier="47217461" class="absolute w-100 h-100 z-1" href="/col/Pringles-Potato-Crisps-Chips-Lunch-Snacks-Snacks-On-The-Go-Original-5-2-Oz-Can/47217461?athcpid=47217461&amp;athpgid=AthenaItempage&amp;athcgid=null&amp;athznid=si&amp;athieid=v0&amp;athstid=CS004&amp;athguid=dFbuW_C9pKPEKYPZtumOU3QreyHeca--UhpN&amp;athancid=null&amp;athena=true"><span class="w_AM">Pringles Potato Crisps Chips, Lunch Snacks, Snacks On The Go, Original, 5.2 Oz, Can</span></a><div class="h2 relative mv2"></div><div class="relative"><div class="relative overflow-hidden" style="max-width: 186px; height: 186px; padding-bottom: min(186px, 100%); align-self: center; width: 186px;"><img loading="lazy" srcset="https://i5.walmartimages.com/asr/ebd481f0-3090-40ee-9483-95c2d00d245d.7884bedd3856bdfd3cab3d162b2f9c27.jpeg?odnHeight=186&amp;odnWidth=186&amp;odnBg=FFFFFF 1x, https://i5.walmartimages.com/asr/ebd481f0-3090-40ee-9483-95c2d00d245d.7884bedd3856bdfd3cab3d162b2f9c27.jpeg?odnHeight=372&amp;odnWidth=372&amp;odnBg=FFFFFF 2x" class="absolute top-0 left-0" data-testid="productTileImage" alt="" src="https://i5.walmartimages.com/asr/ebd481f0-3090-40ee-9483-95c2d00d245d.7884bedd3856bdfd3cab3d162b2f9c27.jpeg?odnHeight=372&amp;odnWidth=372&amp;odnBg=FFFFFF" width="" height=""></div><div class="z-2 absolute bottom--1"><div class="dib relative"><button class="w_6 w_8 w_AD pointer bn bg-blue hover-bg-dark-blue white sans-serif b w-auto ph2 flex items-center justify-center shadow-1" type="button" aria-label="Add to cart - Pringles Potato Crisps Chips, Lunch Snacks, Snacks On The Go, Original, 5.2 Oz, Can"><i class="ld ld-Plus" style="font-size: 1.5rem; vertical-align: -0.25em;" title="add to cart"></i><span class="mr2">Add</span></button></div></div></div><div class="mt5 mb1" style="height: 24px;" data-testid="variant-47217461"></div><div class="flex flex-wrap justify-start items-center lh-title mb2 mb1-m"><div class="b black f5 mr1 mr2-xl lh-copy f4-l" aria-hidden="true">$1.78</div><span class="w_AM">current price $1.78</span><div class="f7 f6-l gray mr1">34.2 ¢/oz</div></div><span class="w_AJ" style="-webkit-line-clamp: 3; padding-bottom: 0em; margin-bottom: 0em;"><span class="f6 f5-l normal dark-gray mb0 mt1 lh-title">Pringles Potato Crisps Chips, Lunch Snacks, Snacks On The Go, Original, 5.2 Oz, Can</span></span><div class="mt2 flex items-center"><span class="black inline-flex mr1"><i class="ld ld-StarFill" style="font-size: 12px; vertical-align: -0.175em;" aria-hidden="true"></i><i class="ld ld-StarFill" style="font-size: 12px; vertical-align: -0.175em;" aria-hidden="true"></i><i class="ld ld-StarFill" style="font-size: 12px; vertical-align: -0.175em;" aria-hidden="true"></i><i class="ld ld-StarFill" style="font-size: 12px; vertical-align: -0.175em;" aria-hidden="true"></i><i class="ld ld-StarHalf" style="font-size: 12px; vertical-align: -0.175em;" aria-hidden="true"></i></span><span class="sans-serif gray f7" aria-hidden="true">1772</span><span class="w_AM">4.3 out of 5 Stars. 1772 reviews</span></div><div class="mt2 mb2"><span class="w_EN w_ET w_EX mr1 mt1 ph1">Pickup</span><span class="w_EN w_ET w_EX mr1 mt1 ph1">Delivery</span></div></div></li><li class="flex flex-column items-center pa1 pr2 pb2 pr4" aria-hidden="true" data-slide="7"><div data-item-id="148724440" class="sans-serif mid-gray relative flex flex-column w-100 h-100" data-testid="product-tile-7"><a link-identifier="148724440" class="absolute w-100 h-100 z-1" href="/ip/Doritos-Cool-Ranch-Flavored-Tortilla-Chips-Party-Size-15-oz-Bag/148724440?athcpid=148724440&amp;athpgid=AthenaItempage&amp;athcgid=null&amp;athznid=si&amp;athieid=v0&amp;athstid=CS004&amp;athguid=dFbuW_C9pKPEKYPZtumOU3QreyHeca--UhpN&amp;athancid=null&amp;athena=true&amp;athbdg=L1300"><span class="w_AM">Doritos Cool Ranch Flavored Tortilla Chips, Party Size, 15 oz Bag</span></a><div class="h2 relative mv2"><span class="w_EN w_EQ w_EW absolute">Rollback</span></div><div class="relative"><div class="relative overflow-hidden" style="max-width: 186px; height: 186px; padding-bottom: min(186px, 100%); align-self: center; width: 186px;"><img loading="lazy" srcset="https://i5.walmartimages.com/asr/76507964-f892-4219-a379-0e523d5e5ae9_1.58e1847f458cd80be3fa84d829029426.jpeg?odnHeight=186&amp;odnWidth=186&amp;odnBg=FFFFFF 1x, https://i5.walmartimages.com/asr/76507964-f892-4219-a379-0e523d5e5ae9_1.58e1847f458cd80be3fa84d829029426.jpeg?odnHeight=372&amp;odnWidth=372&amp;odnBg=FFFFFF 2x" class="absolute top-0 left-0" data-testid="productTileImage" alt="" src="https://i5.walmartimages.com/asr/76507964-f892-4219-a379-0e523d5e5ae9_1.58e1847f458cd80be3fa84d829029426.jpeg?odnHeight=372&amp;odnWidth=372&amp;odnBg=FFFFFF" width="" height=""></div><div class="z-2 absolute bottom--1 w-60"><div class="dib relative"><a class="w_6 w_8 w_AD pointer bn bg-blue hover-bg-dark-blue white sans-serif b w-auto ph2 flex items-center justify-center shadow-1" href="/ip/Doritos-Cool-Ranch-Flavored-Tortilla-Chips-Party-Size-15-oz-Bag/148724440?athcpid=148724440&amp;athpgid=AthenaItempage&amp;athcgid=null&amp;athznid=si&amp;athieid=v0&amp;athstid=CS004&amp;athguid=dFbuW_C9pKPEKYPZtumOU3QreyHeca--UhpN&amp;athancid=null&amp;athena=true&amp;athbdg=L1300" aria-label="Options - Doritos Cool Ranch Flavored Tortilla Chips, Party Size, 15 oz Bag"><span class="mh2">Options</span></a></div></div></div><div class="mt5 mb1" style="height: 24px;" data-testid="variant-148724440"></div><div class="flex flex-wrap justify-start items-center lh-title mb2 mb1-m"><div class="b black f5 mr1 mr2-xl lh-copy f4-l" aria-hidden="true">$3.98</div><span class="w_AM">current price $3.98</span><div class="f7 f6-l strike gray mr3" aria-hidden="true">$9.99</div><span class="w_AM">was $9.99</span><div class="f7 f6-l gray mr1">26.5 ¢/oz</div></div><span class="w_AJ" style="-webkit-line-clamp: 3; padding-bottom: 0em; margin-bottom: 0em;"><span class="f6 f5-l normal dark-gray mb0 mt1 lh-title">Doritos Cool Ranch Flavored Tortilla Chips, Party Size, 15 oz Bag</span></span><div class="mt2 flex items-center"><span class="black inline-flex mr1"><i class="ld ld-StarFill" style="font-size: 12px; vertical-align: -0.175em;" aria-hidden="true"></i><i class="ld ld-StarFill" style="font-size: 12px; vertical-align: -0.175em;" aria-hidden="true"></i><i class="ld ld-StarFill" style="font-size: 12px; vertical-align: -0.175em;" aria-hidden="true"></i><i class="ld ld-StarFill" style="font-size: 12px; vertical-align: -0.175em;" aria-hidden="true"></i><i class="ld ld-StarHalf" style="font-size: 12px; vertical-align: -0.175em;" aria-hidden="true"></i></span><span class="sans-serif gray f7" aria-hidden="true">635</span><span class="w_AM">4.4 out of 5 Stars. 635 reviews</span></div><div class="mt2 mb2"><span class="w_EN w_ET w_EX mr1 mt1 ph1">3+ day shipping</span></div></div></li><li class="flex flex-column items-center pa1 pr2 pb2 pr4" aria-hidden="true" data-slide="8" style="scroll-snap-align: start;"><div data-item-id="11027423" class="sans-serif mid-gray relative flex flex-column w-100 h-100" data-testid="product-tile-8"><a link-identifier="11027423" class="absolute w-100 h-100 z-1" href="/ip/Tostitos-Scoops-Tortilla-Chips-Party-Size-14-5-oz-Bag/11027423?athcpid=11027423&amp;athpgid=AthenaItempage&amp;athcgid=null&amp;athznid=si&amp;athieid=v0&amp;athstid=CS004&amp;athguid=dFbuW_C9pKPEKYPZtumOU3QreyHeca--UhpN&amp;athancid=null&amp;athena=true&amp;athbdg=L1600"><span class="w_AM">Tostitos Scoops! Tortilla Chips Party Size, 14.5 oz Bag</span></a><div class="h2 relative mv2"><span class="w_EN w_ET w_EW absolute">Best seller</span></div><div class="relative"><div class="relative overflow-hidden" style="max-width: 186px; height: 186px; padding-bottom: min(186px, 100%); align-self: center; width: 186px;"><img loading="lazy" srcset="https://i5.walmartimages.com/asr/652e1ef0-c1b2-4c66-9d7c-448d0b1af060.25c69aa11df21e07c04c0880f158c87d.jpeg?odnHeight=186&amp;odnWidth=186&amp;odnBg=FFFFFF 1x, https://i5.walmartimages.com/asr/652e1ef0-c1b2-4c66-9d7c-448d0b1af060.25c69aa11df21e07c04c0880f158c87d.jpeg?odnHeight=372&amp;odnWidth=372&amp;odnBg=FFFFFF 2x" class="absolute top-0 left-0" data-testid="productTileImage" alt="" src="https://i5.walmartimages.com/asr/652e1ef0-c1b2-4c66-9d7c-448d0b1af060.25c69aa11df21e07c04c0880f158c87d.jpeg?odnHeight=372&amp;odnWidth=372&amp;odnBg=FFFFFF" width="" height=""></div><div class="z-2 absolute bottom--1"><div class="dib relative"><button class="w_6 w_8 w_AD pointer bn bg-blue hover-bg-dark-blue white sans-serif b w-auto ph2 flex items-center justify-center shadow-1" type="button" aria-label="Add to cart - Tostitos Scoops! Tortilla Chips Party Size, 14.5 oz Bag"><i class="ld ld-Plus" style="font-size: 1.5rem; vertical-align: -0.25em;" title="add to cart"></i><span class="mr2">Add</span></button></div></div></div><div class="mt5 mb1" style="height: 24px;" data-testid="variant-11027423"></div><div class="flex flex-wrap justify-start items-center lh-title mb2 mb1-m"><div class="b black f5 mr1 mr2-xl lh-copy f4-l" aria-hidden="true">$4.48</div><span class="w_AM">current price $4.48</span><div class="f7 f6-l gray mr1">30.9 ¢/oz</div></div><span class="w_AJ" style="-webkit-line-clamp: 3; padding-bottom: 0em; margin-bottom: 0em;"><span class="f6 f5-l normal dark-gray mb0 mt1 lh-title">Tostitos Scoops! Tortilla Chips Party Size, 14.5 oz Bag</span></span><div class="mt2 flex items-center"><span class="black inline-flex mr1"><i class="ld ld-StarFill" style="font-size: 12px; vertical-align: -0.175em;" aria-hidden="true"></i><i class="ld ld-StarFill" style="font-size: 12px; vertical-align: -0.175em;" aria-hidden="true"></i><i class="ld ld-StarFill" style="font-size: 12px; vertical-align: -0.175em;" aria-hidden="true"></i><i class="ld ld-StarFill" style="font-size: 12px; vertical-align: -0.175em;" aria-hidden="true"></i><i class="ld ld-StarHalf" style="font-size: 12px; vertical-align: -0.175em;" aria-hidden="true"></i></span><span class="sans-serif gray f7" aria-hidden="true">1634</span><span class="w_AM">4.3 out of 5 Stars. 1634 reviews</span></div><div class="mt2 mb2"><span class="w_EN w_ET w_EX mr1 mt1 ph1">Pickup</span><span class="w_EN w_ET w_EX mr1 mt1 ph1">Delivery</span><span class="w_EN w_ET w_EX mr1 mt1 ph1">3+ day shipping</span></div></div></li><li class="flex flex-column items-center pa1 pr2 pb2 pr4" aria-hidden="true" data-slide="9"><div data-item-id="447930606" class="sans-serif mid-gray relative flex flex-column w-100 h-100" data-testid="product-tile-9"><a link-identifier="447930606" class="absolute w-100 h-100 z-1" href="/ip/Ruffles-Original-Potato-Chips-Party-Size-13-5-oz-Bag/447930606?athcpid=447930606&amp;athpgid=AthenaItempage&amp;athcgid=null&amp;athznid=si&amp;athieid=v0&amp;athstid=CS004&amp;athguid=dFbuW_C9pKPEKYPZtumOU3QreyHeca--UhpN&amp;athancid=null&amp;athena=true"><span class="w_AM">Ruffles Original Potato Chips, Party Size, 13.5 oz Bag</span></a><div class="h2 relative mv2"></div><div class="relative"><div class="relative overflow-hidden" style="max-width: 186px; height: 186px; padding-bottom: min(186px, 100%); align-self: center; width: 186px;"><img loading="lazy" srcset="https://i5.walmartimages.com/asr/971c7e44-0568-47c4-a8d8-ae58259539e8_1.c3b192fe6d4697cd2eec7be620b51fe9.jpeg?odnHeight=186&amp;odnWidth=186&amp;odnBg=FFFFFF 1x, https://i5.walmartimages.com/asr/971c7e44-0568-47c4-a8d8-ae58259539e8_1.c3b192fe6d4697cd2eec7be620b51fe9.jpeg?odnHeight=372&amp;odnWidth=372&amp;odnBg=FFFFFF 2x" class="absolute top-0 left-0" data-testid="productTileImage" alt="" src="https://i5.walmartimages.com/asr/971c7e44-0568-47c4-a8d8-ae58259539e8_1.c3b192fe6d4697cd2eec7be620b51fe9.jpeg?odnHeight=372&amp;odnWidth=372&amp;odnBg=FFFFFF" width="" height=""></div><div class="z-2 absolute bottom--1 w-60"><div class="dib relative"><a class="w_6 w_8 w_AD pointer bn bg-blue hover-bg-dark-blue white sans-serif b w-auto ph2 flex items-center justify-center shadow-1" href="/ip/Ruffles-Original-Potato-Chips-Party-Size-13-5-oz-Bag/447930606?athcpid=447930606&amp;athpgid=AthenaItempage&amp;athcgid=null&amp;athznid=si&amp;athieid=v0&amp;athstid=CS004&amp;athguid=dFbuW_C9pKPEKYPZtumOU3QreyHeca--UhpN&amp;athancid=null&amp;athena=true" aria-label="Options - Ruffles Original Potato Chips, Party Size, 13.5 oz Bag"><span class="mh2">Options</span></a></div></div></div><div class="mt5 mb1" style="height: 24px;" data-testid="variant-447930606"><div class="f7 lh-solid tc h1 v-mid">+2 options</div></div><div class="flex flex-wrap justify-start items-center lh-title mb2 mb1-m"><div class="b f5 f4-l black mr1 lh-copy">From $3.98</div></div><span class="w_AJ" style="-webkit-line-clamp: 3; padding-bottom: 0em; margin-bottom: 0em;"><span class="f6 f5-l normal dark-gray mb0 mt1 lh-title">Ruffles Original Potato Chips, Party Size, 13.5 oz Bag</span></span><div class="mt2 flex items-center"><span class="black inline-flex mr1"><i class="ld ld-StarFill" style="font-size: 12px; vertical-align: -0.175em;" aria-hidden="true"></i><i class="ld ld-StarFill" style="font-size: 12px; vertical-align: -0.175em;" aria-hidden="true"></i><i class="ld ld-StarFill" style="font-size: 12px; vertical-align: -0.175em;" aria-hidden="true"></i><i class="ld ld-StarFill" style="font-size: 12px; vertical-align: -0.175em;" aria-hidden="true"></i><i class="ld ld-StarHalf" style="font-size: 12px; vertical-align: -0.175em;" aria-hidden="true"></i></span><span class="sans-serif gray f7" aria-hidden="true">414</span><span class="w_AM">4.4 out of 5 Stars. 414 reviews</span></div><div class="mt2 mb2"><span class="w_EN w_ET w_EX mr1 mt1 ph1">3+ day shipping</span></div></div></li><li class="flex flex-column items-center pa1 pr2 pb2 pr4" aria-hidden="true" data-slide="10"><div data-item-id="31954395" class="sans-serif mid-gray relative flex flex-column w-100 h-100" data-testid="product-tile-10"><a link-identifier="31954395" class="absolute w-100 h-100 z-1" href="/ip/SunChips-Whole-Grain-Snacks-Original-7-oz/31954395?athcpid=31954395&amp;athpgid=AthenaItempage&amp;athcgid=null&amp;athznid=si&amp;athieid=v0&amp;athstid=CS004&amp;athguid=dFbuW_C9pKPEKYPZtumOU3QreyHeca--UhpN&amp;athancid=null&amp;athena=true"><span class="w_AM">SunChips Whole Grain Snacks, Original, 7 oz</span></a><div class="h2 relative mv2"></div><div class="relative"><div class="relative overflow-hidden" style="max-width: 186px; height: 186px; padding-bottom: min(186px, 100%); align-self: center; width: 186px;"><img loading="lazy" srcset="https://i5.walmartimages.com/asr/0a67e30f-d84d-4005-be32-f0701abb3361_1.e8953dc8d8ade70ca1a37cc800fb3f5e.jpeg?odnHeight=186&amp;odnWidth=186&amp;odnBg=FFFFFF 1x, https://i5.walmartimages.com/asr/0a67e30f-d84d-4005-be32-f0701abb3361_1.e8953dc8d8ade70ca1a37cc800fb3f5e.jpeg?odnHeight=372&amp;odnWidth=372&amp;odnBg=FFFFFF 2x" class="absolute top-0 left-0" data-testid="productTileImage" alt="" src="https://i5.walmartimages.com/asr/0a67e30f-d84d-4005-be32-f0701abb3361_1.e8953dc8d8ade70ca1a37cc800fb3f5e.jpeg?odnHeight=372&amp;odnWidth=372&amp;odnBg=FFFFFF" width="" height=""></div><div class="z-2 absolute bottom--1"><div class="dib relative"><button class="w_6 w_8 w_AD pointer bn bg-blue hover-bg-dark-blue white sans-serif b w-auto ph2 flex items-center justify-center shadow-1" type="button" aria-label="Add to cart - SunChips Whole Grain Snacks, Original, 7 oz"><i class="ld ld-Plus" style="font-size: 1.5rem; vertical-align: -0.25em;" title="add to cart"></i><span class="mr2">Add</span></button></div></div></div><div class="mt5 mb1" style="height: 24px;" data-testid="variant-31954395"></div><div class="flex flex-wrap justify-start items-center lh-title mb2 mb1-m"><div class="b black f5 mr1 mr2-xl lh-copy f4-l" aria-hidden="true">$3.28</div><span class="w_AM">current price $3.28</span><div class="f7 f6-l gray mr1">46.9 ¢/oz</div></div><span class="w_AJ" style="-webkit-line-clamp: 3; padding-bottom: 0em; margin-bottom: 0em;"><span class="f6 f5-l normal dark-gray mb0 mt1 lh-title">SunChips Whole Grain Snacks, Original, 7 oz</span></span><div class="mt2 flex items-center"><span class="black inline-flex mr1"><i class="ld ld-StarFill" style="font-size: 12px; vertical-align: -0.175em;" aria-hidden="true"></i><i class="ld ld-StarFill" style="font-size: 12px; vertical-align: -0.175em;" aria-hidden="true"></i><i class="ld ld-StarFill" style="font-size: 12px; vertical-align: -0.175em;" aria-hidden="true"></i><i class="ld ld-StarFill" style="font-size: 12px; vertical-align: -0.175em;" aria-hidden="true"></i><i class="ld ld-StarHalf" style="font-size: 12px; vertical-align: -0.175em;" aria-hidden="true"></i></span><span class="sans-serif gray f7" aria-hidden="true">487</span><span class="w_AM">4.4 out of 5 Stars. 487 reviews</span></div><div class="mt2 mb2"><span class="w_EN w_ET w_EX mr1 mt1 ph1">Pickup</span><span class="w_EN w_ET w_EX mr1 mt1 ph1">Delivery</span><span class="w_EN w_ET w_EX mr1 mt1 ph1">3+ day shipping</span></div></div></li><li class="flex flex-column items-center pa1 pr2 pb2 pr4" aria-hidden="true" data-slide="11"><div data-item-id="52796389" class="sans-serif mid-gray relative flex flex-column w-100 h-100" data-testid="product-tile-11"><a link-identifier="52796389" class="absolute w-100 h-100 z-1" href="/ip/Cape-Cod-Potato-Kettle-Chips-Less-Fat-Original-14-Oz-Party-Size/52796389?athcpid=52796389&amp;athpgid=AthenaItempage&amp;athcgid=null&amp;athznid=si&amp;athieid=v0&amp;athstid=CS004&amp;athguid=dFbuW_C9pKPEKYPZtumOU3QreyHeca--UhpN&amp;athancid=null&amp;athena=true"><span class="w_AM">Cape Cod Potato Kettle Chips, Less Fat Original, 14 Oz Party Size</span></a><div class="h2 relative mv2"></div><div class="relative"><div class="relative overflow-hidden" style="max-width: 186px; height: 186px; padding-bottom: min(186px, 100%); align-self: center; width: 186px;"><img loading="lazy" srcset="https://i5.walmartimages.com/asr/afd3baa0-adb1-42a2-9f84-72dcafd97405.21f583d62ec6fa7d2c5f832e46550d32.jpeg?odnHeight=186&amp;odnWidth=186&amp;odnBg=FFFFFF 1x, https://i5.walmartimages.com/asr/afd3baa0-adb1-42a2-9f84-72dcafd97405.21f583d62ec6fa7d2c5f832e46550d32.jpeg?odnHeight=372&amp;odnWidth=372&amp;odnBg=FFFFFF 2x" class="absolute top-0 left-0" data-testid="productTileImage" alt="" src="https://i5.walmartimages.com/asr/afd3baa0-adb1-42a2-9f84-72dcafd97405.21f583d62ec6fa7d2c5f832e46550d32.jpeg?odnHeight=372&amp;odnWidth=372&amp;odnBg=FFFFFF" width="" height=""></div><div class="z-2 absolute bottom--1"><div class="dib relative"><button class="w_6 w_8 w_AD pointer bn bg-blue hover-bg-dark-blue white sans-serif b w-auto ph2 flex items-center justify-center shadow-1" type="button" aria-label="Add to cart - Cape Cod Potato Kettle Chips, Less Fat Original, 14 Oz Party Size"><i class="ld ld-Plus" style="font-size: 1.5rem; vertical-align: -0.25em;" title="add to cart"></i><span class="mr2">Add</span></button></div></div></div><div class="mt5 mb1" style="height: 24px;" data-testid="variant-52796389"></div><div class="flex flex-wrap justify-start items-center lh-title mb2 mb1-m"><div class="b black f5 mr1 mr2-xl lh-copy f4-l" aria-hidden="true">$4.48</div><span class="w_AM">current price $4.48</span><div class="f7 f6-l gray mr1">32.0 ¢/oz</div></div><span class="w_AJ" style="-webkit-line-clamp: 3; padding-bottom: 0em; margin-bottom: 0em;"><span class="f6 f5-l normal dark-gray mb0 mt1 lh-title">Cape Cod Potato Kettle Chips, Less Fat Original, 14 Oz Party Size</span></span><div class="mt2 flex items-center"><span class="black inline-flex mr1"><i class="ld ld-StarFill" style="font-size: 12px; vertical-align: -0.175em;" aria-hidden="true"></i><i class="ld ld-StarFill" style="font-size: 12px; vertical-align: -0.175em;" aria-hidden="true"></i><i class="ld ld-StarFill" style="font-size: 12px; vertical-align: -0.175em;" aria-hidden="true"></i><i class="ld ld-StarFill" style="font-size: 12px; vertical-align: -0.175em;" aria-hidden="true"></i><i class="ld ld-StarHalf" style="font-size: 12px; vertical-align: -0.175em;" aria-hidden="true"></i></span><span class="sans-serif gray f7" aria-hidden="true">354</span><span class="w_AM">4.6 out of 5 Stars. 354 reviews</span></div><div class="mt2 mb2"><span class="w_EN w_ET w_EX mr1 mt1 ph1">3+ day shipping</span></div></div></li><li class="flex flex-column items-center pa1 pr2 pb2 pr4" aria-hidden="true" data-slide="12" style="scroll-snap-align: start;"><div data-item-id="108065286" class="sans-serif mid-gray relative flex flex-column w-100 h-100" data-testid="product-tile-12"><a link-identifier="108065286" class="absolute w-100 h-100 z-1" href="/ip/Pringles-Potato-Crisps-Chips-Lunch-Snacks-On-The-Go-Snacks-Sour-Cream-and-Onion-5-5-Oz-Can/108065286?athcpid=108065286&amp;athpgid=AthenaItempage&amp;athcgid=null&amp;athznid=si&amp;athieid=v0&amp;athstid=CS004&amp;athguid=dFbuW_C9pKPEKYPZtumOU3QreyHeca--UhpN&amp;athancid=null&amp;athena=true&amp;athbdg=L1600"><span class="w_AM">Pringles Potato Crisps Chips, Lunch Snacks, On The Go Snacks, Sour Cream and Onion, 5.5 Oz, Can</span></a><div class="h2 relative mv2"><span class="w_EN w_ET w_EW absolute">Best seller</span></div><div class="relative"><div class="relative overflow-hidden" style="max-width: 186px; height: 186px; padding-bottom: min(186px, 100%); align-self: center; width: 186px;"><img loading="lazy" srcset="https://i5.walmartimages.com/asr/0080a304-703e-445d-9fd0-d3ec23ae4665.3f2af747cf6b3a709f64bbfb50471084.jpeg?odnHeight=186&amp;odnWidth=186&amp;odnBg=FFFFFF 1x, https://i5.walmartimages.com/asr/0080a304-703e-445d-9fd0-d3ec23ae4665.3f2af747cf6b3a709f64bbfb50471084.jpeg?odnHeight=372&amp;odnWidth=372&amp;odnBg=FFFFFF 2x" class="absolute top-0 left-0" data-testid="productTileImage" alt="" src="https://i5.walmartimages.com/asr/0080a304-703e-445d-9fd0-d3ec23ae4665.3f2af747cf6b3a709f64bbfb50471084.jpeg?odnHeight=372&amp;odnWidth=372&amp;odnBg=FFFFFF" width="" height=""></div><div class="z-2 absolute bottom--1"><div class="dib relative"><button class="w_6 w_8 w_AD pointer bn bg-blue hover-bg-dark-blue white sans-serif b w-auto ph2 flex items-center justify-center shadow-1" type="button" aria-label="Add to cart - Pringles Potato Crisps Chips, Lunch Snacks, On The Go Snacks, Sour Cream and Onion, 5.5 Oz, Can"><i class="ld ld-Plus" style="font-size: 1.5rem; vertical-align: -0.25em;" title="add to cart"></i><span class="mr2">Add</span></button></div></div></div><div class="mt5 mb1" style="height: 24px;" data-testid="variant-108065286"></div><div class="flex flex-wrap justify-start items-center lh-title mb2 mb1-m"><div class="b black f5 mr1 mr2-xl lh-copy f4-l" aria-hidden="true">$1.78</div><span class="w_AM">current price $1.78</span><div class="f7 f6-l gray mr1">32.4 ¢/oz</div></div><span class="w_AJ" style="-webkit-line-clamp: 3; padding-bottom: 0em; margin-bottom: 0em;"><span class="f6 f5-l normal dark-gray mb0 mt1 lh-title">Pringles Potato Crisps Chips, Lunch Snacks, On The Go Snacks, Sour Cream and Onion, 5.5 Oz, Can</span></span><div class="mt2 flex items-center"><span class="black inline-flex mr1"><i class="ld ld-StarFill" style="font-size: 12px; vertical-align: -0.175em;" aria-hidden="true"></i><i class="ld ld-StarFill" style="font-size: 12px; vertical-align: -0.175em;" aria-hidden="true"></i><i class="ld ld-StarFill" style="font-size: 12px; vertical-align: -0.175em;" aria-hidden="true"></i><i class="ld ld-StarFill" style="font-size: 12px; vertical-align: -0.175em;" aria-hidden="true"></i><i class="ld ld-StarHalf" style="font-size: 12px; vertical-align: -0.175em;" aria-hidden="true"></i></span><span class="sans-serif gray f7" aria-hidden="true">1256</span><span class="w_AM">4.3 out of 5 Stars. 1256 reviews</span></div><div class="mt2 mb2"><span class="w_EN w_ET w_EX mr1 mt1 ph1">Pickup</span><span class="w_EN w_ET w_EX mr1 mt1 ph1">Delivery</span></div></div></li><li class="flex flex-column items-center pa1 pr2 pb2 pr4" aria-hidden="true" data-slide="13"><div data-item-id="746675209" class="sans-serif mid-gray relative flex flex-column w-100 h-100" data-testid="product-tile-13"><a link-identifier="746675209" class="absolute w-100 h-100 z-1" href="/ip/Lay-s-Classic-Potato-Chips-2-625-oz-Bag/746675209?athcpid=746675209&amp;athpgid=AthenaItempage&amp;athcgid=null&amp;athznid=si&amp;athieid=v0&amp;athstid=CS004&amp;athguid=dFbuW_C9pKPEKYPZtumOU3QreyHeca--UhpN&amp;athancid=null&amp;athena=true"><span class="w_AM">Lay's Classic Potato Chips, 2.625 oz Bag</span></a><div class="h2 relative mv2"></div><div class="relative"><div class="relative overflow-hidden" style="max-width: 186px; height: 186px; padding-bottom: min(186px, 100%); align-self: center; width: 186px;"><img loading="lazy" srcset="https://i5.walmartimages.com/asr/ea6210c2-db04-44e6-a71d-8c49a0e98987_1.0d4649fac8e298d0723607cb9923d2bd.jpeg?odnHeight=186&amp;odnWidth=186&amp;odnBg=FFFFFF 1x, https://i5.walmartimages.com/asr/ea6210c2-db04-44e6-a71d-8c49a0e98987_1.0d4649fac8e298d0723607cb9923d2bd.jpeg?odnHeight=372&amp;odnWidth=372&amp;odnBg=FFFFFF 2x" class="absolute top-0 left-0" data-testid="productTileImage" alt="" src="https://i5.walmartimages.com/asr/ea6210c2-db04-44e6-a71d-8c49a0e98987_1.0d4649fac8e298d0723607cb9923d2bd.jpeg?odnHeight=372&amp;odnWidth=372&amp;odnBg=FFFFFF" width="" height=""></div><div class="z-2 absolute bottom--1"><div class="dib relative"><button class="w_6 w_8 w_AD pointer bn bg-blue hover-bg-dark-blue white sans-serif b w-auto ph2 flex items-center justify-center shadow-1" type="button" aria-label="Add to cart - Lay's Classic Potato Chips, 2.625 oz Bag"><i class="ld ld-Plus" style="font-size: 1.5rem; vertical-align: -0.25em;" title="add to cart"></i><span class="mr2">Add</span></button></div></div></div><div class="mt5 mb1" style="height: 24px;" data-testid="variant-746675209"></div><div class="flex flex-wrap justify-start items-center lh-title mb2 mb1-m"><div class="b black f5 mr1 mr2-xl lh-copy f4-l" aria-hidden="true">$1.98</div><span class="w_AM">current price $1.98</span><div class="f7 f6-l gray mr1">75.3 ¢/oz</div></div><span class="w_AJ" style="-webkit-line-clamp: 3; padding-bottom: 0em; margin-bottom: 0em;"><span class="f6 f5-l normal dark-gray mb0 mt1 lh-title">Lay's Classic Potato Chips, 2.625 oz Bag</span></span><div class="mt2 flex items-center"><span class="black inline-flex mr1"><i class="ld ld-StarFill" style="font-size: 12px; vertical-align: -0.175em;" aria-hidden="true"></i><i class="ld ld-StarFill" style="font-size: 12px; vertical-align: -0.175em;" aria-hidden="true"></i><i class="ld ld-StarFill" style="font-size: 12px; vertical-align: -0.175em;" aria-hidden="true"></i><i class="ld ld-StarFill" style="font-size: 12px; vertical-align: -0.175em;" aria-hidden="true"></i><i class="ld ld-StarHalf" style="font-size: 12px; vertical-align: -0.175em;" aria-hidden="true"></i></span><span class="sans-serif gray f7" aria-hidden="true">85</span><span class="w_AM">4.5 out of 5 Stars. 85 reviews</span></div><div class="mt2 mb2"><span class="w_EN w_ET w_EX mr1 mt1 ph1">Pickup</span><span class="w_EN w_ET w_EX mr1 mt1 ph1">Delivery</span></div></div></li><li class="flex flex-column items-center pa1 pr2 pb2 pr4" aria-hidden="true" data-slide="14"><div data-item-id="191695851" class="sans-serif mid-gray relative flex flex-column w-100 h-100" data-testid="product-tile-14"><a link-identifier="191695851" class="absolute w-100 h-100 z-1" href="/ip/Lay-s-Potato-Chips-Classic-Party-Size-15-25-oz/191695851?athcpid=191695851&amp;athpgid=AthenaItempage&amp;athcgid=null&amp;athznid=si&amp;athieid=v0&amp;athstid=CS004&amp;athguid=dFbuW_C9pKPEKYPZtumOU3QreyHeca--UhpN&amp;athancid=null&amp;athena=true"><span class="w_AM">Lay's Potato Chips, Classic, Party Size, 15.25 oz</span></a><div class="h2 relative mv2"></div><div class="relative"><div class="relative overflow-hidden" style="max-width: 186px; height: 186px; padding-bottom: min(186px, 100%); align-self: center; width: 186px;"><img loading="lazy" srcset="https://i5.walmartimages.com/asr/d9939d0f-6382-4a0d-97c1-d5444345899e_1.c22bb525689793e89a3525a65f5a730c.jpeg?odnHeight=186&amp;odnWidth=186&amp;odnBg=FFFFFF 1x, https://i5.walmartimages.com/asr/d9939d0f-6382-4a0d-97c1-d5444345899e_1.c22bb525689793e89a3525a65f5a730c.jpeg?odnHeight=372&amp;odnWidth=372&amp;odnBg=FFFFFF 2x" class="absolute top-0 left-0" data-testid="productTileImage" alt="" src="https://i5.walmartimages.com/asr/d9939d0f-6382-4a0d-97c1-d5444345899e_1.c22bb525689793e89a3525a65f5a730c.jpeg?odnHeight=372&amp;odnWidth=372&amp;odnBg=FFFFFF" width="" height=""></div><div class="z-2 absolute bottom--1"><div class="dib relative"><button class="w_6 w_8 w_AD pointer bn bg-blue hover-bg-dark-blue white sans-serif b w-auto ph2 flex items-center justify-center shadow-1" type="button" aria-label="Add to cart - Lay's Potato Chips, Classic, Party Size, 15.25 oz"><i class="ld ld-Plus" style="font-size: 1.5rem; vertical-align: -0.25em;" title="add to cart"></i><span class="mr2">Add</span></button></div></div></div><div class="mt5 mb1" style="height: 24px;" data-testid="variant-191695851"></div><div class="flex flex-wrap justify-start items-center lh-title mb2 mb1-m"><div class="b black f5 mr1 mr2-xl lh-copy f4-l" aria-hidden="true">$13.95</div><span class="w_AM">current price $13.95</span></div><span class="w_AJ" style="-webkit-line-clamp: 3; padding-bottom: 0em; margin-bottom: 0em;"><span class="f6 f5-l normal dark-gray mb0 mt1 lh-title">Lay's Potato Chips, Classic, Party Size, 15.25 oz</span></span><div class="mt2 flex items-center"><span class="black inline-flex mr1"><i class="ld ld-StarFill" style="font-size: 12px; vertical-align: -0.175em;" aria-hidden="true"></i><i class="ld ld-StarFill" style="font-size: 12px; vertical-align: -0.175em;" aria-hidden="true"></i><i class="ld ld-StarFill" style="font-size: 12px; vertical-align: -0.175em;" aria-hidden="true"></i><i class="ld ld-StarFill" style="font-size: 12px; vertical-align: -0.175em;" aria-hidden="true"></i><i class="ld ld-StarHalf" style="font-size: 12px; vertical-align: -0.175em;" aria-hidden="true"></i></span><span class="sans-serif gray f7" aria-hidden="true">1182</span><span class="w_AM">4.5 out of 5 Stars. 1182 reviews</span></div><div class="mt2 mb2"><span class="w_EN w_ET w_EX mr1 mt1 ph1">2-day shipping</span></div></div></li></ul><button class="absolute dn z-999 bg-white br-100 pa0 pointer ba db-l br-100 ba b--black nav-control right-1" style="top: 100px;" aria-label="Next slide for Similar items you might like list"><i class="ld ld-ChevronRight" style="font-size: 1.5rem; vertical-align: -0.25em; padding: 12px;"></i></button></div></section></section></div> <!-- --><div data-testid="ip-p13n-carousel"><hr aria-hidden="true" class="w_Ah dn-xl"><section><section class="mv3 pt2"><header class="flex justify-between mb3 mb2-m pr3 pr4-m pr0-xl items-baseline"><section><div><div><div class="inline-flex "><h2 class="f4 f3-m lh-title ma0 ">Customers also considered</h2></div></div></div></section></header><div class="flex flex-column justify-center relative"><button class="absolute dn z-999 bg-white br-100 pa0 pointer ba hidden-child br-100 ba b--black nav-control left-1" style="top: 100px;" aria-label="Previous slide for Customers also considered list"><i class="ld ld-ChevronLeft" style="font-size: 1.5rem; vertical-align: -0.25em; padding: 12px;"></i></button><ul style="display: grid; grid-auto-flow: column; scroll-snap-type: x mandatory; max-height: fit-content;" class="list ma0 pl0 overflow-x-scroll hidesb hidesb-wk relative overflow-y-hidden carousel-peek-2 spl2 spl4-xl pr3-m carousel-4-xl" data-testid="carousel-container"><li class="flex flex-column items-center pa1 pr2 pb2 pr4" aria-hidden="false" data-slide="0" style="scroll-snap-align: start;"><div data-item-id="179210766" class="sans-serif mid-gray relative flex flex-column w-100 h-100" data-testid="product-tile-0"><a link-identifier="179210766" class="absolute w-100 h-100 z-1" href="/ip/Lay-s-Poppables-Sea-Salt-Potato-Snacks-Party-Size-8-125-oz-Bag/179210766?athcpid=179210766&amp;athpgid=AthenaItempage&amp;athcgid=null&amp;athznid=siext&amp;athieid=v0&amp;athstid=CS004&amp;athguid=00-f44cbc8b0dbd3f944dcec70c750e6505-37378c6d7328cb72-01&amp;athancid=null&amp;athena=true"><span class="w_AM">Lay's Poppables Sea Salt Potato Snacks, Party Size, 8.125 oz Bag</span></a><div class="h2 relative mv2"></div><div class="relative"><div class="relative overflow-hidden" style="max-width: 186px; height: 186px; padding-bottom: min(186px, 100%); align-self: center; width: 186px;"><img loading="lazy" class="absolute top-0 left-0" data-testid="productTileImage" alt="" src="https://i5.walmartimages.com/asr/7015c5a8-a0e6-43c1-8e19-b22cba8e01b3.d3ba938f4cad1bb139d250dfcd718f63.jpeg?odnHeight=372&amp;odnWidth=372&amp;odnBg=FFFFFF" width="" height=""></div><div class="z-2 absolute bottom--1"><div class="dib relative"><button class="w_6 w_8 w_AD pointer bn bg-blue hover-bg-dark-blue white sans-serif b w-auto ph2 flex items-center justify-center shadow-1" type="button" aria-label="Add to cart - Lay's Poppables Sea Salt Potato Snacks, Party Size, 8.125 oz Bag"><i class="ld ld-Plus" style="font-size: 1.5rem; vertical-align: -0.25em;" title="add to cart"></i><span class="mr2">Add</span></button></div></div></div><div class="mt5 mb1" style="height: 24px;" data-testid="variant-179210766"></div><div class="flex flex-wrap justify-start items-center lh-title mb2 mb1-m"><div class="b black f5 mr1 mr2-xl lh-copy f4-l" aria-hidden="true">$4.48</div><span class="w_AM">current price $4.48</span><div class="f7 f6-l gray mr1">55.1 ¢/oz</div></div><span class="w_AJ" style="-webkit-line-clamp: 3; padding-bottom: 0em; margin-bottom: 0em;"><span class="f6 f5-l normal dark-gray mb0 mt1 lh-title">Lay's Poppables Sea Salt Potato Snacks, Party Size, 8.125 oz Bag</span></span><div class="mt2 flex items-center"><span class="black inline-flex mr1"><i class="ld ld-StarFill" style="font-size: 12px; vertical-align: -0.175em;" aria-hidden="true"></i><i class="ld ld-StarFill" style="font-size: 12px; vertical-align: -0.175em;" aria-hidden="true"></i><i class="ld ld-StarFill" style="font-size: 12px; vertical-align: -0.175em;" aria-hidden="true"></i><i class="ld ld-StarFill" style="font-size: 12px; vertical-align: -0.175em;" aria-hidden="true"></i><i class="ld ld-StarHalf" style="font-size: 12px; vertical-align: -0.175em;" aria-hidden="true"></i></span><span class="sans-serif gray f7" aria-hidden="true">61</span><span class="w_AM">4.4 out of 5 Stars. 61 reviews</span></div><div class="mt2 mb2"><span class="w_EN w_ET w_EX mr1 mt1 ph1">Pickup</span><span class="w_EN w_ET w_EX mr1 mt1 ph1">Delivery</span><span class="w_EN w_ET w_EX mr1 mt1 ph1">3+ day shipping</span></div></div></li><li class="flex flex-column items-center pa1 pr2 pb2 pr4" aria-hidden="false" data-slide="1"><div data-item-id="910985070" class="sans-serif mid-gray relative flex flex-column w-100 h-100" data-testid="product-tile-1"><a link-identifier="910985070" class="absolute w-100 h-100 z-1" href="/ip/Ruffles-Original-Potato-Chips-Party-Size-13-oz/910985070?athcpid=910985070&amp;athpgid=AthenaItempage&amp;athcgid=null&amp;athznid=siext&amp;athieid=v0&amp;athstid=CS004&amp;athguid=00-f44cbc8b0dbd3f944dcec70c750e6505-37378c6d7328cb72-01&amp;athancid=null&amp;athena=true"><span class="w_AM">Ruffles Original Potato Chips Party Size, 13 oz</span></a><div class="h2 relative mv2"></div><div class="relative"><div class="relative overflow-hidden" style="max-width: 186px; height: 186px; padding-bottom: min(186px, 100%); align-self: center; width: 186px;"><img loading="lazy" srcset="https://i5.walmartimages.com/asr/ca2f87e4-e7af-4caf-87d9-93ddcc5cfb29.7a2a872b8b0a64647c53e6a6375cc935.jpeg?odnHeight=186&amp;odnWidth=186&amp;odnBg=FFFFFF 1x, https://i5.walmartimages.com/asr/ca2f87e4-e7af-4caf-87d9-93ddcc5cfb29.7a2a872b8b0a64647c53e6a6375cc935.jpeg?odnHeight=372&amp;odnWidth=372&amp;odnBg=FFFFFF 2x" class="absolute top-0 left-0" data-testid="productTileImage" alt="" src="https://i5.walmartimages.com/asr/ca2f87e4-e7af-4caf-87d9-93ddcc5cfb29.7a2a872b8b0a64647c53e6a6375cc935.jpeg?odnHeight=372&amp;odnWidth=372&amp;odnBg=FFFFFF" width="" height=""></div><div class="z-2 absolute bottom--1"><div class="dib relative"><button class="w_6 w_8 w_AD pointer bn bg-blue hover-bg-dark-blue white sans-serif b w-auto ph2 flex items-center justify-center shadow-1" type="button" aria-label="Add to cart - Ruffles Original Potato Chips Party Size, 13 oz"><i class="ld ld-Plus" style="font-size: 1.5rem; vertical-align: -0.25em;" title="add to cart"></i><span class="mr2">Add</span></button></div></div></div><div class="mt5 mb1" style="height: 24px;" data-testid="variant-910985070"></div><div class="flex flex-wrap justify-start items-center lh-title mb2 mb1-m"><div class="b black f5 mr1 mr2-xl lh-copy f4-l" aria-hidden="true">$4.48</div><span class="w_AM">current price $4.48</span><div class="f7 f6-l gray mr1">34.5 ¢/oz</div></div><span class="w_AJ" style="-webkit-line-clamp: 3; padding-bottom: 0em; margin-bottom: 0em;"><span class="f6 f5-l normal dark-gray mb0 mt1 lh-title">Ruffles Original Potato Chips Party Size, 13 oz</span></span><div class="mt2 flex items-center"><span class="black inline-flex mr1"><i class="ld ld-StarFill" style="font-size: 12px; vertical-align: -0.175em;" aria-hidden="true"></i><i class="ld ld-StarFill" style="font-size: 12px; vertical-align: -0.175em;" aria-hidden="true"></i><i class="ld ld-StarFill" style="font-size: 12px; vertical-align: -0.175em;" aria-hidden="true"></i><i class="ld ld-StarFill" style="font-size: 12px; vertical-align: -0.175em;" aria-hidden="true"></i><i class="ld ld-Star" style="font-size: 12px; vertical-align: -0.175em;" aria-hidden="true"></i></span><span class="sans-serif gray f7" aria-hidden="true">178</span><span class="w_AM">4.1 out of 5 Stars. 178 reviews</span></div><div class="mt2 mb2"><span class="w_EN w_ET w_EX mr1 mt1 ph1">Pickup</span><span class="w_EN w_ET w_EX mr1 mt1 ph1">Delivery</span><span class="w_EN w_ET w_EX mr1 mt1 ph1">3+ day shipping</span></div></div></li><li class="flex flex-column items-center pa1 pr2 pb2 pr4" aria-hidden="false" data-slide="2"><div data-item-id="13448678" class="sans-serif mid-gray relative flex flex-column w-100 h-100" data-testid="product-tile-2"><a link-identifier="13448678" class="absolute w-100 h-100 z-1" href="/ip/Hormel-Pepperoni-Minis-5-oz/13448678?athcpid=13448678&amp;athpgid=AthenaItempage&amp;athcgid=null&amp;athznid=siext&amp;athieid=v0&amp;athstid=CS004&amp;athguid=00-f44cbc8b0dbd3f944dcec70c750e6505-37378c6d7328cb72-01&amp;athancid=null&amp;athena=true"><span class="w_AM">Hormel Pepperoni Minis, 5 oz</span></a><div class="h2 relative mv2"></div><div class="relative"><div class="relative overflow-hidden" style="max-width: 186px; height: 186px; padding-bottom: min(186px, 100%); align-self: center; width: 186px;"><img loading="lazy" srcset="https://i5.walmartimages.com/asr/b38140d7-92a0-467c-a442-d6154e116d8f.1c36ea2a89117347da465c8395bc29ed.jpeg?odnHeight=186&amp;odnWidth=186&amp;odnBg=FFFFFF 1x, https://i5.walmartimages.com/asr/b38140d7-92a0-467c-a442-d6154e116d8f.1c36ea2a89117347da465c8395bc29ed.jpeg?odnHeight=372&amp;odnWidth=372&amp;odnBg=FFFFFF 2x" class="absolute top-0 left-0" data-testid="productTileImage" alt="" src="https://i5.walmartimages.com/asr/b38140d7-92a0-467c-a442-d6154e116d8f.1c36ea2a89117347da465c8395bc29ed.jpeg?odnHeight=372&amp;odnWidth=372&amp;odnBg=FFFFFF" width="" height=""></div><div class="z-2 absolute bottom--1"><div class="dib relative"><button class="w_6 w_8 w_AD pointer bn bg-blue hover-bg-dark-blue white sans-serif b w-auto ph2 flex items-center justify-center shadow-1" type="button" aria-label="Add to cart - Hormel Pepperoni Minis, 5 oz"><i class="ld ld-Plus" style="font-size: 1.5rem; vertical-align: -0.25em;" title="add to cart"></i><span class="mr2">Add</span></button></div></div></div><div class="mt5 mb1" style="height: 24px;" data-testid="variant-13448678"></div><div class="flex flex-wrap justify-start items-center lh-title mb2 mb1-m"><div class="b black f5 mr1 mr2-xl lh-copy f4-l" aria-hidden="true">$4.00</div><span class="w_AM">current price $4.00</span><div class="f7 f6-l gray mr1">80.0 ¢/oz</div></div><span class="w_AJ" style="-webkit-line-clamp: 3; padding-bottom: 0em; margin-bottom: 0em;"><span class="f6 f5-l normal dark-gray mb0 mt1 lh-title">Hormel Pepperoni Minis, 5 oz</span></span><div class="mt2 flex items-center"><span class="black inline-flex mr1"><i class="ld ld-StarFill" style="font-size: 12px; vertical-align: -0.175em;" aria-hidden="true"></i><i class="ld ld-StarFill" style="font-size: 12px; vertical-align: -0.175em;" aria-hidden="true"></i><i class="ld ld-StarFill" style="font-size: 12px; vertical-align: -0.175em;" aria-hidden="true"></i><i class="ld ld-StarFill" style="font-size: 12px; vertical-align: -0.175em;" aria-hidden="true"></i><i class="ld ld-StarFill" style="font-size: 12px; vertical-align: -0.175em;" aria-hidden="true"></i></span><span class="sans-serif gray f7" aria-hidden="true">140</span><span class="w_AM">4.8 out of 5 Stars. 140 reviews</span></div><div class="mt2 mb2"><span class="w_EN w_ET w_EX mr1 mt1 ph1">Pickup</span><span class="w_EN w_ET w_EX mr1 mt1 ph1">Delivery</span></div></div></li><li class="flex flex-column items-center pa1 pr2 pb2 pr4" aria-hidden="false" data-slide="3"><div data-item-id="884766452" class="sans-serif mid-gray relative flex flex-column w-100 h-100" data-testid="product-tile-3"><a link-identifier="884766452" class="absolute w-100 h-100 z-1" href="/ip/Fritos-Scoops-Corn-Snacks-Party-Size-15-5-oz-Bag/884766452?athcpid=884766452&amp;athpgid=AthenaItempage&amp;athcgid=null&amp;athznid=siext&amp;athieid=v0&amp;athstid=CS004&amp;athguid=00-f44cbc8b0dbd3f944dcec70c750e6505-37378c6d7328cb72-01&amp;athancid=null&amp;athena=true"><span class="w_AM">Fritos Scoops! Corn Snacks, Party Size, 15.5 oz Bag</span></a><div class="h2 relative mv2"></div><div class="relative"><div class="relative overflow-hidden" style="max-width: 186px; height: 186px; padding-bottom: min(186px, 100%); align-self: center; width: 186px;"><img loading="lazy" srcset="https://i5.walmartimages.com/asr/552dc71b-1c65-408f-bcd9-e7338bd72452_1.ad1705f5879fa053f3da3578598b36cc.jpeg?odnHeight=186&amp;odnWidth=186&amp;odnBg=FFFFFF 1x, https://i5.walmartimages.com/asr/552dc71b-1c65-408f-bcd9-e7338bd72452_1.ad1705f5879fa053f3da3578598b36cc.jpeg?odnHeight=372&amp;odnWidth=372&amp;odnBg=FFFFFF 2x" class="absolute top-0 left-0" data-testid="productTileImage" alt="" src="https://i5.walmartimages.com/asr/552dc71b-1c65-408f-bcd9-e7338bd72452_1.ad1705f5879fa053f3da3578598b36cc.jpeg?odnHeight=372&amp;odnWidth=372&amp;odnBg=FFFFFF" width="" height=""></div><div class="z-2 absolute bottom--1 w-60"><div class="dib relative"><a class="w_6 w_8 w_AD pointer bn bg-blue hover-bg-dark-blue white sans-serif b w-auto ph2 flex items-center justify-center shadow-1" href="/ip/Fritos-Scoops-Corn-Snacks-Party-Size-15-5-oz-Bag/884766452?athcpid=884766452&amp;athpgid=AthenaItempage&amp;athcgid=null&amp;athznid=siext&amp;athieid=v0&amp;athstid=CS004&amp;athguid=00-f44cbc8b0dbd3f944dcec70c750e6505-37378c6d7328cb72-01&amp;athancid=null&amp;athena=true" aria-label="Options - Fritos Scoops! Corn Snacks, Party Size, 15.5 oz Bag"><span class="mh2">Options</span></a></div></div></div><div class="mt5 mb1" style="height: 24px;" data-testid="variant-884766452"><div class="f7 lh-solid tc h1 v-mid">+2 options</div></div><div class="flex flex-wrap justify-start items-center lh-title mb2 mb1-m"><div class="b f5 f4-l black mr1 lh-copy">$4.48</div></div><span class="w_AJ" style="-webkit-line-clamp: 3; padding-bottom: 0em; margin-bottom: 0em;"><span class="f6 f5-l normal dark-gray mb0 mt1 lh-title">Fritos Scoops! Corn Snacks, Party Size, 15.5 oz Bag</span></span><div class="mt2 flex items-center"><span class="black inline-flex mr1"><i class="ld ld-StarFill" style="font-size: 12px; vertical-align: -0.175em;" aria-hidden="true"></i><i class="ld ld-StarFill" style="font-size: 12px; vertical-align: -0.175em;" aria-hidden="true"></i><i class="ld ld-StarFill" style="font-size: 12px; vertical-align: -0.175em;" aria-hidden="true"></i><i class="ld ld-StarFill" style="font-size: 12px; vertical-align: -0.175em;" aria-hidden="true"></i><i class="ld ld-StarHalf" style="font-size: 12px; vertical-align: -0.175em;" aria-hidden="true"></i></span><span class="sans-serif gray f7" aria-hidden="true">906</span><span class="w_AM">4.4 out of 5 Stars. 906 reviews</span></div><div class="mt2 mb2"><span class="w_EN w_ET w_EX mr1 mt1 ph1">Pickup</span><span class="w_EN w_ET w_EX mr1 mt1 ph1">Delivery</span><span class="w_EN w_ET w_EX mr1 mt1 ph1">3+ day shipping</span></div></div></li><li class="flex flex-column items-center pa1 pr2 pb2 pr4" aria-hidden="true" data-slide="4" style="scroll-snap-align: start;"><div data-item-id="664636414" class="sans-serif mid-gray relative flex flex-column w-100 h-100" data-testid="product-tile-4"><a link-identifier="664636414" class="absolute w-100 h-100 z-1" href="/ip/Lay-s-Potato-Chips-Sour-Cream-Onion-Flavored-12-5-oz/664636414?athcpid=664636414&amp;athpgid=AthenaItempage&amp;athcgid=null&amp;athznid=siext&amp;athieid=v0&amp;athstid=CS004&amp;athguid=00-f44cbc8b0dbd3f944dcec70c750e6505-37378c6d7328cb72-01&amp;athancid=null&amp;athena=true"><span class="w_AM">Lay's Potato Chips, Sour Cream &amp; Onion Flavored, 12.5 oz</span></a><div class="h2 relative mv2"></div><div class="relative"><div class="relative overflow-hidden" style="max-width: 186px; height: 186px; padding-bottom: min(186px, 100%); align-self: center; width: 186px;"><img loading="lazy" srcset="https://i5.walmartimages.com/asr/8bebe3af-bfc6-4f7f-8559-bb6128d263e8.93c5c990b5857fc073b3ac79e45bb580.jpeg?odnHeight=186&amp;odnWidth=186&amp;odnBg=FFFFFF 1x, https://i5.walmartimages.com/asr/8bebe3af-bfc6-4f7f-8559-bb6128d263e8.93c5c990b5857fc073b3ac79e45bb580.jpeg?odnHeight=372&amp;odnWidth=372&amp;odnBg=FFFFFF 2x" class="absolute top-0 left-0" data-testid="productTileImage" alt="" src="https://i5.walmartimages.com/asr/8bebe3af-bfc6-4f7f-8559-bb6128d263e8.93c5c990b5857fc073b3ac79e45bb580.jpeg?odnHeight=372&amp;odnWidth=372&amp;odnBg=FFFFFF" width="" height=""></div><div class="z-2 absolute bottom--1"><div class="dib relative"><button class="w_6 w_8 w_AD pointer bn bg-blue hover-bg-dark-blue white sans-serif b w-auto ph2 flex items-center justify-center shadow-1" type="button" aria-label="Add to cart - Lay's Potato Chips, Sour Cream &amp; Onion Flavored, 12.5 oz"><i class="ld ld-Plus" style="font-size: 1.5rem; vertical-align: -0.25em;" title="add to cart"></i><span class="mr2">Add</span></button></div></div></div><div class="mt5 mb1" style="height: 24px;" data-testid="variant-664636414"></div><div class="flex flex-wrap justify-start items-center lh-title mb2 mb1-m"><div class="b black f5 mr1 mr2-xl lh-copy f4-l" aria-hidden="true">$4.48</div><span class="w_AM">current price $4.48</span><div class="f7 f6-l gray mr1">35.8 ¢/oz</div></div><span class="w_AJ" style="-webkit-line-clamp: 3; padding-bottom: 0em; margin-bottom: 0em;"><span class="f6 f5-l normal dark-gray mb0 mt1 lh-title">Lay's Potato Chips, Sour Cream &amp; Onion Flavored, 12.5 oz</span></span><div class="mt2 flex items-center"><span class="black inline-flex mr1"><i class="ld ld-StarFill" style="font-size: 12px; vertical-align: -0.175em;" aria-hidden="true"></i><i class="ld ld-StarFill" style="font-size: 12px; vertical-align: -0.175em;" aria-hidden="true"></i><i class="ld ld-StarFill" style="font-size: 12px; vertical-align: -0.175em;" aria-hidden="true"></i><i class="ld ld-StarFill" style="font-size: 12px; vertical-align: -0.175em;" aria-hidden="true"></i><i class="ld ld-StarHalf" style="font-size: 12px; vertical-align: -0.175em;" aria-hidden="true"></i></span><span class="sans-serif gray f7" aria-hidden="true">443</span><span class="w_AM">4.3 out of 5 Stars. 443 reviews</span></div><div class="mt2 mb2"><span class="w_EN w_ET w_EX mr1 mt1 ph1">Pickup</span><span class="w_EN w_ET w_EX mr1 mt1 ph1">Delivery</span><span class="w_EN w_ET w_EX mr1 mt1 ph1">3+ day shipping</span></div></div></li><li class="flex flex-column items-center pa1 pr2 pb2 pr4" aria-hidden="true" data-slide="5"><div data-item-id="15580719" class="sans-serif mid-gray relative flex flex-column w-100 h-100" data-testid="product-tile-5"><a link-identifier="15580719" class="absolute w-100 h-100 z-1" href="/ip/Bugles-Crispy-Corn-Snacks-Original-Flavor-Family-Size-Snack-Bag-14-5-oz/15580719?athcpid=15580719&amp;athpgid=AthenaItempage&amp;athcgid=null&amp;athznid=siext&amp;athieid=v0&amp;athstid=CS004&amp;athguid=00-f44cbc8b0dbd3f944dcec70c750e6505-37378c6d7328cb72-01&amp;athancid=null&amp;athena=true"><span class="w_AM">Bugles Crispy Corn Snacks, Original Flavor, Family Size Snack Bag, 14.5 oz</span></a><div class="h2 relative mv2"></div><div class="relative"><div class="relative overflow-hidden" style="max-width: 186px; height: 186px; padding-bottom: min(186px, 100%); align-self: center; width: 186px;"><img loading="lazy" srcset="https://i5.walmartimages.com/asr/cd5f2fdb-476d-4646-97f2-22dcea2e2ea4.a1644c078f0936eaba8898b4b98af6f0.jpeg?odnHeight=186&amp;odnWidth=186&amp;odnBg=FFFFFF 1x, https://i5.walmartimages.com/asr/cd5f2fdb-476d-4646-97f2-22dcea2e2ea4.a1644c078f0936eaba8898b4b98af6f0.jpeg?odnHeight=372&amp;odnWidth=372&amp;odnBg=FFFFFF 2x" class="absolute top-0 left-0" data-testid="productTileImage" alt="" src="https://i5.walmartimages.com/asr/cd5f2fdb-476d-4646-97f2-22dcea2e2ea4.a1644c078f0936eaba8898b4b98af6f0.jpeg?odnHeight=372&amp;odnWidth=372&amp;odnBg=FFFFFF" width="" height=""></div><div class="z-2 absolute bottom--1"><div class="dib relative"><button class="w_6 w_8 w_AD pointer bn bg-blue hover-bg-dark-blue white sans-serif b w-auto ph2 flex items-center justify-center shadow-1" type="button" aria-label="Add to cart - Bugles Crispy Corn Snacks, Original Flavor, Family Size Snack Bag, 14.5 oz"><i class="ld ld-Plus" style="font-size: 1.5rem; vertical-align: -0.25em;" title="add to cart"></i><span class="mr2">Add</span></button></div></div></div><div class="mt5 mb1" style="height: 24px;" data-testid="variant-15580719"></div><div class="flex flex-wrap justify-start items-center lh-title mb2 mb1-m"><div class="b black f5 mr1 mr2-xl lh-copy f4-l" aria-hidden="true">$3.53</div><span class="w_AM">current price $3.53</span><div class="f7 f6-l gray mr1">24.3 ¢/oz</div></div><span class="w_AJ" style="-webkit-line-clamp: 3; padding-bottom: 0em; margin-bottom: 0em;"><span class="f6 f5-l normal dark-gray mb0 mt1 lh-title">Bugles Crispy Corn Snacks, Original Flavor, Family Size Snack Bag, 14.5 oz</span></span><div class="mt2 flex items-center"><span class="black inline-flex mr1"><i class="ld ld-StarFill" style="font-size: 12px; vertical-align: -0.175em;" aria-hidden="true"></i><i class="ld ld-StarFill" style="font-size: 12px; vertical-align: -0.175em;" aria-hidden="true"></i><i class="ld ld-StarFill" style="font-size: 12px; vertical-align: -0.175em;" aria-hidden="true"></i><i class="ld ld-StarFill" style="font-size: 12px; vertical-align: -0.175em;" aria-hidden="true"></i><i class="ld ld-StarHalf" style="font-size: 12px; vertical-align: -0.175em;" aria-hidden="true"></i></span><span class="sans-serif gray f7" aria-hidden="true">467</span><span class="w_AM">4.5 out of 5 Stars. 467 reviews</span></div><div class="mt2 mb2"><span class="w_EN w_ET w_EX mr1 mt1 ph1">Pickup</span><span class="w_EN w_ET w_EX mr1 mt1 ph1">Delivery</span><span class="w_EN w_ET w_EX mr1 mt1 ph1">1-day shipping</span></div></div></li><li class="flex flex-column items-center pa1 pr2 pb2 pr4" aria-hidden="true" data-slide="6"><div data-item-id="36915849" class="sans-serif mid-gray relative flex flex-column w-100 h-100" data-testid="product-tile-6"><a link-identifier="36915849" class="absolute w-100 h-100 z-1" href="/ip/Funyuns-Onion-Flavored-Rings-6-oz-Bag/36915849?athcpid=36915849&amp;athpgid=AthenaItempage&amp;athcgid=null&amp;athznid=siext&amp;athieid=v0&amp;athstid=CS004&amp;athguid=00-f44cbc8b0dbd3f944dcec70c750e6505-37378c6d7328cb72-01&amp;athancid=null&amp;athena=true&amp;athbdg=L1600"><span class="w_AM">Funyuns Onion Flavored Rings, 6 oz Bag</span></a><div class="h2 relative mv2"><span class="w_EN w_ET w_EW absolute">Best seller</span></div><div class="relative"><div class="relative overflow-hidden" style="max-width: 186px; height: 186px; padding-bottom: min(186px, 100%); align-self: center; width: 186px;"><img loading="lazy" srcset="https://i5.walmartimages.com/asr/49f618c4-3d32-49cf-a7d9-e0a31350abcd.5f151cfb530de0c8db672a43b23f4744.jpeg?odnHeight=186&amp;odnWidth=186&amp;odnBg=FFFFFF 1x, https://i5.walmartimages.com/asr/49f618c4-3d32-49cf-a7d9-e0a31350abcd.5f151cfb530de0c8db672a43b23f4744.jpeg?odnHeight=372&amp;odnWidth=372&amp;odnBg=FFFFFF 2x" class="absolute top-0 left-0" data-testid="productTileImage" alt="" src="https://i5.walmartimages.com/asr/49f618c4-3d32-49cf-a7d9-e0a31350abcd.5f151cfb530de0c8db672a43b23f4744.jpeg?odnHeight=372&amp;odnWidth=372&amp;odnBg=FFFFFF" width="" height=""></div><div class="z-2 absolute bottom--1 w-60"><div class="dib relative"><a class="w_6 w_8 w_AD pointer bn bg-blue hover-bg-dark-blue white sans-serif b w-auto ph2 flex items-center justify-center shadow-1" href="/ip/Funyuns-Onion-Flavored-Rings-6-oz-Bag/36915849?athcpid=36915849&amp;athpgid=AthenaItempage&amp;athcgid=null&amp;athznid=siext&amp;athieid=v0&amp;athstid=CS004&amp;athguid=00-f44cbc8b0dbd3f944dcec70c750e6505-37378c6d7328cb72-01&amp;athancid=null&amp;athena=true&amp;athbdg=L1600" aria-label="Options - Funyuns Onion Flavored Rings, 6 oz Bag"><span class="mh2">Options</span></a></div></div></div><div class="mt5 mb1" style="height: 24px;" data-testid="variant-36915849"></div><div class="flex flex-wrap justify-start items-center lh-title mb2 mb1-m"><div class="b black f5 mr1 mr2-xl lh-copy f4-l" aria-hidden="true">$4.28</div><span class="w_AM">current price $4.28</span><div class="f7 f6-l strike gray mr3" aria-hidden="true">$11.49</div><span class="w_AM">was $11.49</span><div class="f7 f6-l gray mr1">71.3 ¢/oz</div></div><span class="w_AJ" style="-webkit-line-clamp: 3; padding-bottom: 0em; margin-bottom: 0em;"><span class="f6 f5-l normal dark-gray mb0 mt1 lh-title">Funyuns Onion Flavored Rings, 6 oz Bag</span></span><div class="mt2 flex items-center"><span class="black inline-flex mr1"><i class="ld ld-StarFill" style="font-size: 12px; vertical-align: -0.175em;" aria-hidden="true"></i><i class="ld ld-StarFill" style="font-size: 12px; vertical-align: -0.175em;" aria-hidden="true"></i><i class="ld ld-StarFill" style="font-size: 12px; vertical-align: -0.175em;" aria-hidden="true"></i><i class="ld ld-StarFill" style="font-size: 12px; vertical-align: -0.175em;" aria-hidden="true"></i><i class="ld ld-StarHalf" style="font-size: 12px; vertical-align: -0.175em;" aria-hidden="true"></i></span><span class="sans-serif gray f7" aria-hidden="true">740</span><span class="w_AM">4.4 out of 5 Stars. 740 reviews</span></div><div class="mt2 mb2"><span class="w_EN w_ET w_EX mr1 mt1 ph1">3+ day shipping</span></div></div></li><li class="flex flex-column items-center pa1 pr2 pb2 pr4" aria-hidden="true" data-slide="7"><div data-item-id="52796390" class="sans-serif mid-gray relative flex flex-column w-100 h-100" data-testid="product-tile-7"><a link-identifier="52796390" class="absolute w-100 h-100 z-1" href="/ip/Cape-Cod-Potato-Chips-Original-Kettle-Chips-14-Oz-Party-Size/52796390?athcpid=52796390&amp;athpgid=AthenaItempage&amp;athcgid=null&amp;athznid=siext&amp;athieid=v0&amp;athstid=CS004&amp;athguid=00-f44cbc8b0dbd3f944dcec70c750e6505-37378c6d7328cb72-01&amp;athancid=null&amp;athena=true&amp;athbdg=L1600"><span class="w_AM">Cape Cod Potato Chips, Original Kettle Chips, 14 Oz Party Size</span></a><div class="h2 relative mv2"><span class="w_EN w_ET w_EW absolute">Best seller</span></div><div class="relative"><div class="relative overflow-hidden" style="max-width: 186px; height: 186px; padding-bottom: min(186px, 100%); align-self: center; width: 186px;"><img loading="lazy" srcset="https://i5.walmartimages.com/asr/6ef02787-d433-463b-bacd-671a799190d3.04e3fa4dfe0f06deffa7380e5ce36788.jpeg?odnHeight=186&amp;odnWidth=186&amp;odnBg=FFFFFF 1x, https://i5.walmartimages.com/asr/6ef02787-d433-463b-bacd-671a799190d3.04e3fa4dfe0f06deffa7380e5ce36788.jpeg?odnHeight=372&amp;odnWidth=372&amp;odnBg=FFFFFF 2x" class="absolute top-0 left-0" data-testid="productTileImage" alt="" src="https://i5.walmartimages.com/asr/6ef02787-d433-463b-bacd-671a799190d3.04e3fa4dfe0f06deffa7380e5ce36788.jpeg?odnHeight=372&amp;odnWidth=372&amp;odnBg=FFFFFF" width="" height=""></div><div class="z-2 absolute bottom--1"><div class="dib relative"><button class="w_6 w_8 w_AD pointer bn bg-blue hover-bg-dark-blue white sans-serif b w-auto ph2 flex items-center justify-center shadow-1" type="button" aria-label="Add to cart - Cape Cod Potato Chips, Original Kettle Chips, 14 Oz Party Size"><i class="ld ld-Plus" style="font-size: 1.5rem; vertical-align: -0.25em;" title="add to cart"></i><span class="mr2">Add</span></button></div></div></div><div class="mt5 mb1" style="height: 24px;" data-testid="variant-52796390"></div><div class="flex flex-wrap justify-start items-center lh-title mb2 mb1-m"><div class="b black f5 mr1 mr2-xl lh-copy f4-l" aria-hidden="true">$4.48</div><span class="w_AM">current price $4.48</span><div class="f7 f6-l gray mr1">32.0 ¢/oz</div></div><span class="w_AJ" style="-webkit-line-clamp: 3; padding-bottom: 0em; margin-bottom: 0em;"><span class="f6 f5-l normal dark-gray mb0 mt1 lh-title">Cape Cod Potato Chips, Original Kettle Chips, 14 Oz Party Size</span></span><div class="mt2 flex items-center"><span class="black inline-flex mr1"><i class="ld ld-StarFill" style="font-size: 12px; vertical-align: -0.175em;" aria-hidden="true"></i><i class="ld ld-StarFill" style="font-size: 12px; vertical-align: -0.175em;" aria-hidden="true"></i><i class="ld ld-StarFill" style="font-size: 12px; vertical-align: -0.175em;" aria-hidden="true"></i><i class="ld ld-StarFill" style="font-size: 12px; vertical-align: -0.175em;" aria-hidden="true"></i><i class="ld ld-StarHalf" style="font-size: 12px; vertical-align: -0.175em;" aria-hidden="true"></i></span><span class="sans-serif gray f7" aria-hidden="true">838</span><span class="w_AM">4.7 out of 5 Stars. 838 reviews</span></div><div class="mt2 mb2"><span class="w_EN w_ET w_EX mr1 mt1 ph1">3+ day shipping</span></div></div></li><li class="flex flex-column items-center pa1 pr2 pb2 pr4" aria-hidden="true" data-slide="8" style="scroll-snap-align: start;"><div data-item-id="17056788" class="sans-serif mid-gray relative flex flex-column w-100 h-100" data-testid="product-tile-8"><a link-identifier="17056788" class="absolute w-100 h-100 z-1" href="/ip/Fritos-Original-Corn-Chips-9-25-oz/17056788?athcpid=17056788&amp;athpgid=AthenaItempage&amp;athcgid=null&amp;athznid=siext&amp;athieid=v0&amp;athstid=CS004&amp;athguid=00-f44cbc8b0dbd3f944dcec70c750e6505-37378c6d7328cb72-01&amp;athancid=null&amp;athena=true&amp;athbdg=L1600"><span class="w_AM">Fritos Original Corn Chips, 9.25 oz</span></a><div class="h2 relative mv2"><span class="w_EN w_ET w_EW absolute">Best seller</span></div><div class="relative"><div class="relative overflow-hidden" style="max-width: 186px; height: 186px; padding-bottom: min(186px, 100%); align-self: center; width: 186px;"><img loading="lazy" srcset="https://i5.walmartimages.com/asr/10d34172-a7dc-4339-9093-0622bf9c7a46.4db12b4bd8590213e9f3ed12291ca584.jpeg?odnHeight=186&amp;odnWidth=186&amp;odnBg=FFFFFF 1x, https://i5.walmartimages.com/asr/10d34172-a7dc-4339-9093-0622bf9c7a46.4db12b4bd8590213e9f3ed12291ca584.jpeg?odnHeight=372&amp;odnWidth=372&amp;odnBg=FFFFFF 2x" class="absolute top-0 left-0" data-testid="productTileImage" alt="" src="https://i5.walmartimages.com/asr/10d34172-a7dc-4339-9093-0622bf9c7a46.4db12b4bd8590213e9f3ed12291ca584.jpeg?odnHeight=372&amp;odnWidth=372&amp;odnBg=FFFFFF" width="" height=""></div><div class="z-2 absolute bottom--1"><div class="dib relative"><button class="w_6 w_8 w_AD pointer bn bg-blue hover-bg-dark-blue white sans-serif b w-auto ph2 flex items-center justify-center shadow-1" type="button" aria-label="Add to cart - Fritos Original Corn Chips, 9.25 oz"><i class="ld ld-Plus" style="font-size: 1.5rem; vertical-align: -0.25em;" title="add to cart"></i><span class="mr2">Add</span></button></div></div></div><div class="mt5 mb1" style="height: 24px;" data-testid="variant-17056788"></div><div class="flex flex-wrap justify-start items-center lh-title mb2 mb1-m"><div class="b black f5 mr1 mr2-xl lh-copy f4-l" aria-hidden="true">$3.00</div><span class="w_AM">current price $3.00</span><div class="f7 f6-l strike gray mr3" aria-hidden="true">$3.48</div><span class="w_AM">was $3.48</span><div class="f7 f6-l gray mr1">32.4 ¢/oz</div></div><span class="w_AJ" style="-webkit-line-clamp: 3; padding-bottom: 0em; margin-bottom: 0em;"><span class="f6 f5-l normal dark-gray mb0 mt1 lh-title">Fritos Original Corn Chips, 9.25 oz</span></span><div class="mt2 flex items-center"><span class="black inline-flex mr1"><i class="ld ld-StarFill" style="font-size: 12px; vertical-align: -0.175em;" aria-hidden="true"></i><i class="ld ld-StarFill" style="font-size: 12px; vertical-align: -0.175em;" aria-hidden="true"></i><i class="ld ld-StarFill" style="font-size: 12px; vertical-align: -0.175em;" aria-hidden="true"></i><i class="ld ld-StarHalf" style="font-size: 12px; vertical-align: -0.175em;" aria-hidden="true"></i><i class="ld ld-Star" style="font-size: 12px; vertical-align: -0.175em;" aria-hidden="true"></i></span><span class="sans-serif gray f7" aria-hidden="true">115</span><span class="w_AM">3.3 out of 5 Stars. 115 reviews</span></div><div class="mt2 mb2"><span class="w_EN w_ET w_EX mr1 mt1 ph1">Pickup</span><span class="w_EN w_ET w_EX mr1 mt1 ph1">Delivery</span><span class="w_EN w_ET w_EX mr1 mt1 ph1">3+ day shipping</span></div></div></li><li class="flex flex-column items-center pa1 pr2 pb2 pr4" aria-hidden="true" data-slide="9"><div data-item-id="10818721" class="sans-serif mid-gray relative flex flex-column w-100 h-100" data-testid="product-tile-9"><a link-identifier="10818721" class="absolute w-100 h-100 z-1" href="/ip/Kettle-Brand-Potato-Chips-Sea-Salt-and-Vinegar-Kettle-Chips-8-5-Oz/10818721?athcpid=10818721&amp;athpgid=AthenaItempage&amp;athcgid=null&amp;athznid=siext&amp;athieid=v0&amp;athstid=CS004&amp;athguid=00-f44cbc8b0dbd3f944dcec70c750e6505-37378c6d7328cb72-01&amp;athancid=null&amp;athena=true&amp;athbdg=L1600"><span class="w_AM">Kettle Brand Potato Chips, Sea Salt and Vinegar Kettle Chips, 8.5 Oz</span></a><div class="h2 relative mv2"><span class="w_EN w_ET w_EW absolute">Best seller</span></div><div class="relative"><div class="relative overflow-hidden" style="max-width: 186px; height: 186px; padding-bottom: min(186px, 100%); align-self: center; width: 186px;"><img loading="lazy" srcset="https://i5.walmartimages.com/asr/5bb48bb8-d297-4b93-99fc-064391c82aad.00abbbd8a411d245e51c2d7f613ebf65.jpeg?odnHeight=186&amp;odnWidth=186&amp;odnBg=FFFFFF 1x, https://i5.walmartimages.com/asr/5bb48bb8-d297-4b93-99fc-064391c82aad.00abbbd8a411d245e51c2d7f613ebf65.jpeg?odnHeight=372&amp;odnWidth=372&amp;odnBg=FFFFFF 2x" class="absolute top-0 left-0" data-testid="productTileImage" alt="" src="https://i5.walmartimages.com/asr/5bb48bb8-d297-4b93-99fc-064391c82aad.00abbbd8a411d245e51c2d7f613ebf65.jpeg?odnHeight=372&amp;odnWidth=372&amp;odnBg=FFFFFF" width="" height=""></div><div class="z-2 absolute bottom--1"><div class="dib relative"><button class="w_6 w_8 w_AD pointer bn bg-blue hover-bg-dark-blue white sans-serif b w-auto ph2 flex items-center justify-center shadow-1" type="button" aria-label="Add to cart - Kettle Brand Potato Chips, Sea Salt and Vinegar Kettle Chips, 8.5 Oz"><i class="ld ld-Plus" style="font-size: 1.5rem; vertical-align: -0.25em;" title="add to cart"></i><span class="mr2">Add</span></button></div></div></div><div class="mt5 mb1" style="height: 24px;" data-testid="variant-10818721"></div><div class="flex flex-wrap justify-start items-center lh-title mb2 mb1-m"><div class="b black f5 mr1 mr2-xl lh-copy f4-l" aria-hidden="true">$2.98</div><span class="w_AM">current price $2.98</span><div class="f7 f6-l gray mr1">35.1 ¢/oz</div></div><span class="w_AJ" style="-webkit-line-clamp: 3; padding-bottom: 0em; margin-bottom: 0em;"><span class="f6 f5-l normal dark-gray mb0 mt1 lh-title">Kettle Brand Potato Chips, Sea Salt and Vinegar Kettle Chips, 8.5 Oz</span></span><div class="mt2 flex items-center"><span class="black inline-flex mr1"><i class="ld ld-StarFill" style="font-size: 12px; vertical-align: -0.175em;" aria-hidden="true"></i><i class="ld ld-StarFill" style="font-size: 12px; vertical-align: -0.175em;" aria-hidden="true"></i><i class="ld ld-StarFill" style="font-size: 12px; vertical-align: -0.175em;" aria-hidden="true"></i><i class="ld ld-StarFill" style="font-size: 12px; vertical-align: -0.175em;" aria-hidden="true"></i><i class="ld ld-StarHalf" style="font-size: 12px; vertical-align: -0.175em;" aria-hidden="true"></i></span><span class="sans-serif gray f7" aria-hidden="true">1573</span><span class="w_AM">4.7 out of 5 Stars. 1573 reviews</span></div><div class="mt2 mb2"><span class="w_EN w_ET w_EX mr1 mt1 ph1">Pickup</span><span class="w_EN w_ET w_EX mr1 mt1 ph1">Delivery</span><span class="w_EN w_ET w_EX mr1 mt1 ph1">3+ day shipping</span></div></div></li><li class="flex flex-column items-center pa1 pr2 pb2 pr4" aria-hidden="true" data-slide="10"><div data-item-id="13908695" class="sans-serif mid-gray relative flex flex-column w-100 h-100" data-testid="product-tile-10"><a link-identifier="13908695" class="absolute w-100 h-100 z-1" href="/ip/Kettle-Brand-Potato-Chips-Jalapeno-Kettle-Chips-8-5-Oz/13908695?athcpid=13908695&amp;athpgid=AthenaItempage&amp;athcgid=null&amp;athznid=siext&amp;athieid=v0&amp;athstid=CS004&amp;athguid=00-f44cbc8b0dbd3f944dcec70c750e6505-37378c6d7328cb72-01&amp;athancid=null&amp;athena=true"><span class="w_AM">Kettle Brand Potato Chips, Jalapeno Kettle Chips, 8.5 Oz</span></a><div class="h2 relative mv2"></div><div class="relative"><div class="relative overflow-hidden" style="max-width: 186px; height: 186px; padding-bottom: min(186px, 100%); align-self: center; width: 186px;"><img loading="lazy" srcset="https://i5.walmartimages.com/asr/5f74f445-72da-404e-a857-4440296f6f02.f82579d386b20d859c50cc50879b0f55.jpeg?odnHeight=186&amp;odnWidth=186&amp;odnBg=FFFFFF 1x, https://i5.walmartimages.com/asr/5f74f445-72da-404e-a857-4440296f6f02.f82579d386b20d859c50cc50879b0f55.jpeg?odnHeight=372&amp;odnWidth=372&amp;odnBg=FFFFFF 2x" class="absolute top-0 left-0" data-testid="productTileImage" alt="" src="https://i5.walmartimages.com/asr/5f74f445-72da-404e-a857-4440296f6f02.f82579d386b20d859c50cc50879b0f55.jpeg?odnHeight=372&amp;odnWidth=372&amp;odnBg=FFFFFF" width="" height=""></div><div class="z-2 absolute bottom--1"><div class="dib relative"><button class="w_6 w_8 w_AD pointer bn bg-blue hover-bg-dark-blue white sans-serif b w-auto ph2 flex items-center justify-center shadow-1" type="button" aria-label="Add to cart - Kettle Brand Potato Chips, Jalapeno Kettle Chips, 8.5 Oz"><i class="ld ld-Plus" style="font-size: 1.5rem; vertical-align: -0.25em;" title="add to cart"></i><span class="mr2">Add</span></button></div></div></div><div class="mt5 mb1" style="height: 24px;" data-testid="variant-13908695"></div><div class="flex flex-wrap justify-start items-center lh-title mb2 mb1-m"><div class="b black f5 mr1 mr2-xl lh-copy f4-l" aria-hidden="true">$2.98</div><span class="w_AM">current price $2.98</span><div class="f7 f6-l gray mr1">35.1 ¢/oz</div></div><span class="w_AJ" style="-webkit-line-clamp: 3; padding-bottom: 0em; margin-bottom: 0em;"><span class="f6 f5-l normal dark-gray mb0 mt1 lh-title">Kettle Brand Potato Chips, Jalapeno Kettle Chips, 8.5 Oz</span></span><div class="mt2 flex items-center"><span class="black inline-flex mr1"><i class="ld ld-StarFill" style="font-size: 12px; vertical-align: -0.175em;" aria-hidden="true"></i><i class="ld ld-StarFill" style="font-size: 12px; vertical-align: -0.175em;" aria-hidden="true"></i><i class="ld ld-StarFill" style="font-size: 12px; vertical-align: -0.175em;" aria-hidden="true"></i><i class="ld ld-StarFill" style="font-size: 12px; vertical-align: -0.175em;" aria-hidden="true"></i><i class="ld ld-StarHalf" style="font-size: 12px; vertical-align: -0.175em;" aria-hidden="true"></i></span><span class="sans-serif gray f7" aria-hidden="true">1579</span><span class="w_AM">4.7 out of 5 Stars. 1579 reviews</span></div><div class="mt2 mb2"><span class="w_EN w_ET w_EX mr1 mt1 ph1">Pickup</span><span class="w_EN w_ET w_EX mr1 mt1 ph1">Delivery</span><span class="w_EN w_ET w_EX mr1 mt1 ph1">3+ day shipping</span></div></div></li><li class="flex flex-column items-center pa1 pr2 pb2 pr4" aria-hidden="true" data-slide="11"><div data-item-id="433078517" class="sans-serif mid-gray relative flex flex-column w-100 h-100" data-testid="product-tile-11"><a link-identifier="433078517" class="absolute w-100 h-100 z-1" href="/ip/Doritos-Nacho-Cheese-Flavored-Tortilla-Chips-Party-Size-14-5-oz-Bag/433078517?athcpid=433078517&amp;athpgid=AthenaItempage&amp;athcgid=null&amp;athznid=siext&amp;athieid=v0&amp;athstid=CS004&amp;athguid=00-f44cbc8b0dbd3f944dcec70c750e6505-37378c6d7328cb72-01&amp;athancid=null&amp;athena=true&amp;athbdg=L1600"><span class="w_AM">Doritos Nacho Cheese Flavored Tortilla Chips, Party Size, 14.5 oz Bag</span></a><div class="h2 relative mv2"><span class="w_EN w_ET w_EW absolute">Best seller</span></div><div class="relative"><div class="relative overflow-hidden" style="max-width: 186px; height: 186px; padding-bottom: min(186px, 100%); align-self: center; width: 186px;"><img loading="lazy" srcset="https://i5.walmartimages.com/asr/2396257b-2d84-4661-9967-163e4ff3ecfd.3a30ab33a401d8be31ea9fbaf599d561.jpeg?odnHeight=186&amp;odnWidth=186&amp;odnBg=FFFFFF 1x, https://i5.walmartimages.com/asr/2396257b-2d84-4661-9967-163e4ff3ecfd.3a30ab33a401d8be31ea9fbaf599d561.jpeg?odnHeight=372&amp;odnWidth=372&amp;odnBg=FFFFFF 2x" class="absolute top-0 left-0" data-testid="productTileImage" alt="" src="https://i5.walmartimages.com/asr/2396257b-2d84-4661-9967-163e4ff3ecfd.3a30ab33a401d8be31ea9fbaf599d561.jpeg?odnHeight=372&amp;odnWidth=372&amp;odnBg=FFFFFF" width="" height=""></div><div class="z-2 absolute bottom--1"><div class="dib relative"><button class="w_6 w_8 w_AD pointer bn bg-blue hover-bg-dark-blue white sans-serif b w-auto ph2 flex items-center justify-center shadow-1" type="button" aria-label="Add to cart - Doritos Nacho Cheese Flavored Tortilla Chips, Party Size, 14.5 oz Bag"><i class="ld ld-Plus" style="font-size: 1.5rem; vertical-align: -0.25em;" title="add to cart"></i><span class="mr2">Add</span></button></div></div></div><div class="mt5 mb1" style="height: 24px;" data-testid="variant-433078517"></div><div class="flex flex-wrap justify-start items-center lh-title mb2 mb1-m"><div class="b black f5 mr1 mr2-xl lh-copy f4-l" aria-hidden="true">$4.48</div><span class="w_AM">current price $4.48</span><div class="f7 f6-l gray mr1">30.9 ¢/oz</div></div><span class="w_AJ" style="-webkit-line-clamp: 3; padding-bottom: 0em; margin-bottom: 0em;"><span class="f6 f5-l normal dark-gray mb0 mt1 lh-title">Doritos Nacho Cheese Flavored Tortilla Chips, Party Size, 14.5 oz Bag</span></span><div class="mt2 flex items-center"><span class="black inline-flex mr1"><i class="ld ld-StarFill" style="font-size: 12px; vertical-align: -0.175em;" aria-hidden="true"></i><i class="ld ld-StarFill" style="font-size: 12px; vertical-align: -0.175em;" aria-hidden="true"></i><i class="ld ld-StarFill" style="font-size: 12px; vertical-align: -0.175em;" aria-hidden="true"></i><i class="ld ld-StarFill" style="font-size: 12px; vertical-align: -0.175em;" aria-hidden="true"></i><i class="ld ld-Star" style="font-size: 12px; vertical-align: -0.175em;" aria-hidden="true"></i></span><span class="sans-serif gray f7" aria-hidden="true">276</span><span class="w_AM">4 out of 5 Stars. 276 reviews</span></div><div class="mt2 mb2"><span class="w_EN w_ET w_EX mr1 mt1 ph1">Pickup</span><span class="w_EN w_ET w_EX mr1 mt1 ph1">Delivery</span></div></div></li></ul><button class="absolute dn z-999 bg-white br-100 pa0 pointer ba db-l br-100 ba b--black nav-control right-1" style="top: 100px;" aria-label="Next slide for Customers also considered list"><i class="ld ld-ChevronRight" style="font-size: 1.5rem; vertical-align: -0.25em; padding: 12px;"></i></button></div></section></section></div> <!-- --><section><h2 class="mv3">About this item</h2><hr aria-hidden="true" class="w_Ah"><section class="expand-collapse-section"><div class="expand-collapse-header flex justify-between items-center w-100"><h2 class="w-100 ma0 pa3 f5 lh-copy normal">Nutrition information</h2><div class="pr2"><button class="bg-transparent bn lh-solid pa0 sans-serif tc underline inline-button black pointer f6 bw0 bg-white" type="button" aria-expanded="true" aria-label="Nutrition information"><i class="ld ld-ChevronUp pa0" style="font-size: 1.5rem; vertical-align: -0.25em;"></i></button></div></div><div class="w_Ai expand-collapse-content" style="height: auto;"><div class="ph3 pb4 pt1"><div class="w_EY w_Ea"><section><div class="bw1 bb"><h3 class="lh-copy b f2 dark-gray mv0">Nutrition facts</h3><p class="lh-title f7 mid-gray mt1 mb2 pb1">Refer to the product label for full dietary information, which may be available as an alternative product image.</p></div><div class="bb" style="border-width: 10px;"><p class="mid-gray lh-copy ttl mv1">13  Servings Per Container</p><p class="flex justify-between dark-gray mv1 b lh-copy"><span>Serving Size</span><span>About 15 Chips (28g)</span></p></div><div class="mv1"><span>Amount per serving</span></div><div class="flex justify-between bb lh-copy b f2 bw2 pb1"><span>Calories</span><span>160</span></div><table class="w-100 collapse"><thead><tr class="bb b b--black-10"><th class="pv1" scope="col"><span class="w_AM">Amount per serving</span> </th><th class="tr pv1" scope="col">% Daily Value*</th></tr></thead><tbody class="bb b--black dark-gray lh-copy" style="border-width: 10px;"><tr class="bb b--black-10 mid-gray"><td class="normal pv1"><span class="b">Total Fat</span><span class="ml2"> 10g</span></td><td class="b tr pv1">13%</td></tr><tr class="b--black-10 bb pv1 mid-gray normal"><td class="normal pv1" style="padding-left: 16px;"><span>Saturated Fat</span><span class="ml2">1.5g</span></td><td class="normal tr pv1 b">7%</td></tr><tr class="b--black-10 bb pv1 mid-gray normal"><td class="normal pv1" style="padding-left: 16px;"><span>Trans Fat</span><span class="ml2">0g</span></td><td class="normal tr pv1 b"></td></tr><tr class="bb b--black-10 mid-gray"><td class="normal pv1"><span class="b">Cholesterol</span><span class="ml2"> 0.00mg</span></td><td class="b tr pv1">0%</td></tr><tr class="bb b--black-10 mid-gray"><td class="normal pv1"><span class="b">Sodium</span><span class="ml2"> 170.0mg</span></td><td class="b tr pv1">7%</td></tr><tr class="bb b--black-10 mid-gray"><td class="normal pv1"><span class="b">Total Carbohydrate</span><span class="ml2"> 15g</span></td><td class="b tr pv1">6%</td></tr><tr class="b--black-10 bb pv1 mid-gray normal"><td class="normal pv1" style="padding-left: 16px;"><span>Dietary Fiber</span><span class="ml2">1g</span></td><td class="normal tr pv1 b">5%</td></tr><tr class="b--black-10 bb pv1 mid-gray normal"><td class="normal pv1" style="padding-left: 16px;"><span>Sugars</span><span class="ml2">&lt;1.0g</span></td><td class="normal tr pv1 b"></td></tr><tr class="bb b--black-10 mid-gray"><td class="normal pv1"><span class="b">Protein</span><span class="ml2"> 2g</span></td><td class="b tr pv1"></td></tr></tbody><tbody class="bb bw2 b--black"><tr class="b--black-10 bb pv1 mid-gray normal"><td class="normal pv1" style="padding-left: 0px;"><span>Vitamin C</span><span class="ml2"></span></td><td class="normal tr pv1">6%</td></tr><tr class="b--black-10 bb pv1 mid-gray normal"><td class="normal pv1" style="padding-left: 0px;"><span>Calcium</span><span class="ml2">10.00mg</span></td><td class="normal tr pv1">0%</td></tr><tr class="b--black-10 bb pv1 mid-gray normal"><td class="normal pv1" style="padding-left: 0px;"><span>Potassium</span><span class="ml2">350mg</span></td><td class="normal tr pv1">6%</td></tr><tr class="b--black-10 bb pv1 mid-gray normal"><td class="normal pv1" style="padding-left: 0px;"><span>Iron</span><span class="ml2">0.60mg</span></td><td class="normal tr pv1">2%</td></tr><tr class="b--black-10 bb pv1 mid-gray normal"><td class="normal pv1" style="padding-left: 0px;"><span>Vitamin D</span><span class="ml2">0.00mcg</span></td><td class="normal tr pv1">0%</td></tr></tbody></table><div class="mt2 mid-gray f7"><p class="mv0">* The % Daily Value (DV) tells you how much a nutrient in a serving of food contributes to a daily diet. </p><hr class="b--black-10" size="1"><p class="mv0">Calories per gram:</p><p class="mv0">Fat 9 • Carbohydrate 4 • Protein 4  </p></div></section></div></div></div></section></section> <!-- --><section><section data-testid="product-description"><hr aria-hidden="true" class="w_Ah"><section class="expand-collapse-section"><div class="expand-collapse-header flex justify-between items-center w-100"><h2 class="w-100 ma0 pa3 f5 lh-copy normal">Product details</h2><div class="pr2"><button class="bg-transparent bn lh-solid pa0 sans-serif tc underline inline-button black pointer f6 bw0 bg-white" type="button" aria-expanded="true" aria-label="Product details"><i class="ld ld-ChevronUp pa0" style="font-size: 1.5rem; vertical-align: -0.25em;"></i></button></div></div><div class="w_Ai expand-collapse-content" style="height: auto;"><div class="ph3 pb4 pt1"><div class="nb3"><div class="mb3"><span class="b f6 mid-gray lh-copy lh-title overflow-visible db w_AJ" style="padding-bottom: 0em; margin-bottom: 0em;"><div class="dangerous-html mb3">It all starts with farm-grown potatoes, cooked and seasoned to perfection. So every LAY'S potato chip is perfectly crispy and full of fresh potato taste. Happiness in Every Bite. These crispy snacks are perfect for sharing. Wherever celebrations and good times happen, the LAY'S brand will be there just as it has been for more than 75 years. With flavors almost as rich as our history, we have a chip or crisp flavor guaranteed to bring a smile on your face.</div></span></div><div class="mb3"><span class="f6 mid-gray lh-title overflow-visible db w_AJ" style="padding-bottom: 0em; margin-bottom: 0em;"><div class="dangerous-html mb3"><ul>  <li>Classic potato chips</li>  <li>Party size bag is perfect for sharing</li>  <li>Crispy, yummy and deliciously tasty</li>  <li>Great anytime snack</li>  <li>Includes three ingredients: potatoes, oil, and salt</li> </ul></div></span></div><div class="w_z w_2 bn bg-transparent dark-gray pa0 sans-serif mb3 lh-copy"><span class="w_1"><svg fill="currentColor" height="1em" style="font-size: 1rem; vertical-align: -0.175em;" viewBox="0 0 16 16" width="1em" xmlns="http://www.w3.org/2000/svg" aria-hidden="true" role="presentation"><path d="M8 1a7 7 0 110 14A7 7 0 018 1zm0 1.2a5.8 5.8 0 100 11.6A5.8 5.8 0 008 2.2zm0 8.698a.602.602 0 110 1.204.602.602 0 010-1.204zM8 3.9a.6.6 0 01.592.503L8.6 4.5v5.14a.6.6 0 01-1.192.098L7.4 9.641V4.5a.6.6 0 01.6-.6z" fill-rule="evenodd"></path></svg></span><div class="w_0"><div><span class="b">We aim to show you accurate product information.</span> Manufacturers, suppliers and others provide what you see here, and we have not verified it.&nbsp;&nbsp;<button type="button" class="underline pointer b--none bg-transparent sans-serif dark-gray ph0" aria-label="See our disclaimer">See our disclaimer</button></div></div></div></div></div></div></section></section></section> <!-- --><hr aria-hidden="true" class="w_Ah"><section class="expand-collapse-section nl3 nr3 ph3"><div class="expand-collapse-header flex justify-between items-center w-100"><h2 class="w-100 ma0 pa3 f5 lh-copy normal">Specifications</h2><div class="pr2"><button class="bg-transparent bn lh-solid pa0 sans-serif tc underline inline-button black pointer f6 bw0 bg-white" type="button" aria-expanded="true" aria-label="Specifications"><i class="ld ld-ChevronUp pa0" style="font-size: 1.5rem; vertical-align: -0.25em;"></i></button></div></div><div class="w_Ai expand-collapse-content" style="height: auto;"><div class="ph3 pb4 pt1"><div class="nt1"><div class="pb2"><h3 class="flex items-center mv0 lh-copy f5 pb1 dark-gray">Brand</h3><p class="mv0 lh-copy f6 mid-gray"><span>Lay's</span></p></div><div class="pb2"><h3 class="flex items-center mv0 lh-copy f5 pb1 dark-gray">Manufacturer</h3><p class="mv0 lh-copy f6 mid-gray"><span>Frito-Lay</span></p></div><div class=""><h3 class="flex items-center mv0 lh-copy f5 pb1 dark-gray">Food Form</h3><p class="mv0 lh-copy f6 mid-gray"><span>Chips</span></p></div></div></div></div></section> <!-- --> <!-- --><hr aria-hidden="true" class="w_Ah"><section class="expand-collapse-section nl3 nr3 ph3"><div class="expand-collapse-header flex justify-between items-center w-100"><h2 class="w-100 ma0 pa3 f5 lh-copy normal">Directions</h2><div class="pr2"><button class="bg-transparent bn lh-solid pa0 sans-serif tc underline inline-button black pointer f6 bw0 bg-white" type="button" aria-expanded="true" aria-label="Directions"><i class="ld ld-ChevronUp pa0" style="font-size: 1.5rem; vertical-align: -0.25em;"></i></button></div></div><div class="w_Ai expand-collapse-content" style="height: auto;"><div class="ph3 pb4 pt1"><div class="nt1"><div class=""><h3 class="flex items-center mv0 lh-copy f5 pb1 dark-gray">Instructions</h3><p class="mv0 lh-copy f6 mid-gray"><span>Guaranteed fresh until printed date.</span></p></div></div></div></div></section> <!-- --><hr aria-hidden="true" class="w_Ah"><section class="expand-collapse-section nl3 nr3 ph3"><div class="expand-collapse-header flex justify-between items-center w-100"><h2 class="w-100 ma0 pa3 f5 lh-copy normal">Warranty</h2><div class="pr2"><button class="bg-transparent bn lh-solid pa0 sans-serif tc underline inline-button black pointer f6 bw0 bg-white" type="button" aria-expanded="false" aria-label="Warranty"><i class="ld ld-ChevronDown pa0" style="font-size: 1.5rem; vertical-align: -0.25em;"></i></button></div></div><div class="w_Ai w_Aj expand-collapse-content" style="height: 0px; visibility: hidden;"><div class="ph3 pb4 pt1"><div class="nt1"><div class="pb2"><h3 class="flex items-center mv0 lh-copy f5 pb1 dark-gray"></h3></div><div class=""><h3 class="flex items-center mv0 lh-copy f5 pb1 dark-gray">Warranty information</h3><p class="mv0 lh-copy f6 mid-gray"><span>Guaranteed Fresh Until printed date or this snack?s on us</span></p></div></div></div></div></section> <!-- --> <!-- --><hr aria-hidden="true" class="w_Ah"><section class="expand-collapse-section nl3 nr3 ph3"><div class="expand-collapse-header flex justify-between items-center w-100"><h2 class="w-100 ma0 pa3 f5 lh-copy normal">Ingredients</h2><div class="pr2"><button class="bg-transparent bn lh-solid pa0 sans-serif tc underline inline-button black pointer f6 bw0 bg-white" type="button" aria-expanded="true" aria-label="Ingredients"><i class="ld ld-ChevronUp pa0" style="font-size: 1.5rem; vertical-align: -0.25em;"></i></button></div></div><div class="w_Ai expand-collapse-content" style="height: auto;"><div class="ph3 pb4 pt1"><div class="nt1"><div class="pb2"><h3 class="mv0 lh-copy f5 pb1 dark-gray">Ingredients</h3><p class="mv0 lh-copy f6 mid-gray">POTATOES, VEGETABLE OIL (SUNFLOWER, CORN AND/OR CANOLA OIL), AND SALT</p></div></div></div></div></section><hr aria-hidden="true" class="w_Ah"> <!-- --><hr aria-hidden="true" class="w_Ah mb3 mb0-m"><i class="ld ld-ChatBubble" style="font-size: 1rem; vertical-align: -0.175em;"></i><button class="w_6 w_AA w_AC pv4" type="button" data-testid="feedback-link">Report incorrect product information</button> <!-- --><section class="pv1-m"><a link-identifier="jilt6-2X" class="ph3 flex w-100 br3 dark-gray no-underline justify-center pv2 mv4 shadow-1" style="color: rgb(0, 0, 0); background-color: rgb(255, 255, 255);" aria-label="Capital one Earn 5% cash back on Walmart.com Learn how" href="/cp/632402?athcpid=c359f401-b3f0-4e3b-8496-40cd170b1199&amp;athpgid=AthenaItempage&amp;athznid=athenaModuleZone&amp;athmtid=AthenaCapitalOneBanner&amp;athtvid=2&amp;athena=true&amp;athcaponeid=1"><div class="flex items-center"><img loading="lazy" src="https://i5.walmartimages.com/dfw/4ff9c6c9-4cbf/k2-_19bccbbb-b02e-43ca-b47f-54e066d59b36.v1.png?odnHeight=64&amp;odnWidth=107&amp;odnBg=FFFFFF" alt="CapitalOne" width="81" height="51"><div class="flex flex-nowrap items-baseline lh-title ml3-m ml2 f5 lh-copy mb1"><div class="mv0"><span class="b bb bw2" style="color: rgb(46, 47, 50); border-color: rgb(0, 113, 220);">Earn 5% cash back</span><span class="ml1" style="color: rgb(46, 47, 50);">on Walmart.com</span></div><div class="f6 dark-gray underline ml3" aria-label="Capital One  Earn 5% cash back on Walmart.com Learn how" style="color: rgb(0, 0, 0);">Learn how</div></div></div></a></section> <!-- --><div class="w_CF pa0" id="ITEM-SponsoredProductCarousel-middle"><div data-testid="sp"><section><section><header class="flex justify-between mb3 mb2-m pr3 pr4-m pr0-xl items-baseline"><section><div><div><div class="inline-flex "><h2 class="f4 f3-m lh-title ma0 ">Products you may also like</h2></div></div></div></section><span class="w_DM gray w_DO w_DR">Sponsored</span></header><div class="flex flex-column justify-center relative"><button class="absolute dn z-999 bg-white br-100 pa0 pointer ba hidden-child br-100 ba b--black nav-control left-1" style="top: 100px;" aria-label="Previous slide for Products you may also like list"><i class="ld ld-ChevronLeft" style="font-size: 1.5rem; vertical-align: -0.25em; padding: 12px;"></i></button><ul style="display: grid; grid-auto-flow: column; scroll-snap-type: x mandatory; max-height: fit-content;" class="list ma0 pl0 overflow-x-scroll hidesb hidesb-wk relative overflow-y-hidden carousel-peek-2 spl2 spl4-xl carousel-4-l carousel-3-m pr3-m" data-testid="carousel-container"><li class="flex flex-column items-center pa1 pr2 pb2 pr4" aria-hidden="false" data-slide="0" style="scroll-snap-align: start;"><div data-item-id="314119702" data-ad-component-type="wpa-tile" class="sans-serif mid-gray relative flex flex-column w-100 h-100" data-testid="product-tile-0"><a link-identifier="314119702" href="https://wrd.walmart.com/track?bt=1&amp;eventST=click&amp;plmt=sp-item-middle~desktop~&amp;pos=1&amp;tax=976759_976787_1001390_5517955&amp;rdf=1&amp;rd=https%3A%2F%2Fwww.walmart.com%2Fip%2F%2F314119702&amp;adUid=39bed74d-5cac-4695-817a-3c2dfc8dcde5&amp;mloc=sp-item-middle&amp;pltfm=desktop&amp;pgId=677669806&amp;pt=item&amp;spQs=l0d5R5ikD1J5LntP2xJYj3AZclqQnrrPtxs-J0J__Hrr_ezpIAMRkC2x7PC2yYWo4a_E3AKb4gujtBshYEfA1xVTqSAmunk0aifRjRZXVkIKR-f2dmJiW3-9Kx6vKNqCm6NWQa_iJHhTIgJz6KwURAy5OrFbAXNpGFAW9ZvHUto&amp;storeId=3081&amp;bkt=2216" class="absolute w-100 h-100 z-1"><span class="w_AM">HIPPEAS Organic, Vegan White Cheddar Chickpea Puffs, 1 oz, 6 Count</span></a><div class="h2 relative mv2"></div><div class="relative"><div class="relative overflow-hidden" style="max-width: 186px; height: 186px; padding-bottom: min(186px, 100%); align-self: center; width: 186px;"><img loading="lazy" class="absolute top-0 left-0" data-testid="productTileImage" alt="" src="https://i5.walmartimages.com/asr/683b1024-441e-45b7-a86e-d98b3871d459.1b353a10fc7b16db38ad7b27248f01f4.jpeg?odnHeight=372&amp;odnWidth=372&amp;odnBg=FFFFFF" width="" height=""></div><div class="z-2 absolute bottom--1"><div class="dib relative"><button class="w_6 w_8 w_AD pointer bn bg-blue hover-bg-dark-blue white sans-serif b w-auto ph2 flex items-center justify-center shadow-1" type="button" aria-label="Add to cart - HIPPEAS Organic, Vegan White Cheddar Chickpea Puffs, 1 oz, 6 Count"><i class="ld ld-Plus" style="font-size: 1.5rem; vertical-align: -0.25em;" title="add to cart"></i><span class="mr2">Add</span></button></div></div></div><div class="mt5 mb1" style="height: 24px;" data-testid="variant-314119702"></div><div class="flex flex-wrap justify-start items-center lh-title mb2 mb1-m"><div class="b black f5 mr1 mr2-xl lh-copy f4-l" aria-hidden="true">$6.99</div><span class="w_AM">current price $6.99</span><div class="f7 f6-l strike gray mr3" aria-hidden="true">$7.99</div><span class="w_AM">was $7.99</span><div class="f7 f6-l gray mr1">$1.17/oz</div></div><span class="w_AJ" style="-webkit-line-clamp: 3; padding-bottom: 0em; margin-bottom: 0em;"><span class="f6 f5-l normal dark-gray mb0 mt1 lh-title">HIPPEAS Organic, Vegan White Cheddar Chickpea Puffs, 1 oz, 6 Count</span></span><div class="mt2 flex items-center"><span class="black inline-flex mr1"><i class="ld ld-StarFill" style="font-size: 12px; vertical-align: -0.175em;" aria-hidden="true"></i><i class="ld ld-StarFill" style="font-size: 12px; vertical-align: -0.175em;" aria-hidden="true"></i><i class="ld ld-StarFill" style="font-size: 12px; vertical-align: -0.175em;" aria-hidden="true"></i><i class="ld ld-StarFill" style="font-size: 12px; vertical-align: -0.175em;" aria-hidden="true"></i><i class="ld ld-StarFill" style="font-size: 12px; vertical-align: -0.175em;" aria-hidden="true"></i></span><span class="sans-serif gray f7" aria-hidden="true">20</span><span class="w_AM">5 out of 5 Stars. 20 reviews</span></div><div class="mt2 mb2"><span class="w_EN w_ET w_EX mr1 mt1 ph1">1-day shipping</span></div></div></li><li class="flex flex-column items-center pa1 pr2 pb2 pr4" aria-hidden="false" data-slide="1"><div data-item-id="39360123" data-ad-component-type="wpa-tile" class="sans-serif mid-gray relative flex flex-column w-100 h-100" data-testid="product-tile-1"><a link-identifier="39360123" href="https://wrd.walmart.com/track?bt=1&amp;eventST=click&amp;plmt=sp-item-middle~desktop~&amp;pos=2&amp;tax=976759_976787_1001390_5517955&amp;rdf=1&amp;rd=https%3A%2F%2Fwww.walmart.com%2Fip%2F%2F39360123&amp;adUid=39bed74d-5cac-4695-817a-3c2dfc8dcde5&amp;mloc=sp-item-middle&amp;pltfm=desktop&amp;pgId=677669806&amp;pt=item&amp;spQs=sfIp7AGizFA_47YOeIXrB78W0IFT28S_DT56n1Ge8Pzl7Vdo4qqaTD81C-0k7T7ynYo4SvyuV8btvMVvWVfwf1oL1tZ8Yub-1wk3aLrHcDdjLGOZ8k74fvX0mpZM4QDQDtokPT9A-TtxssufSZ1BBrkB_pwo6WBHspDxvzBi8Fc&amp;storeId=3081&amp;bkt=2216" class="absolute w-100 h-100 z-1"><span class="w_AM">Bugles Crispy Corn Snacks, Nacho Cheese, Family Size Snack Bag, 14.5 oz</span></a><div class="h2 relative mv2"></div><div class="relative"><div class="relative overflow-hidden" style="max-width: 186px; height: 186px; padding-bottom: min(186px, 100%); align-self: center; width: 186px;"><img loading="lazy" srcset="https://i5.walmartimages.com/asr/c876b426-ab90-41c6-a16d-cd90c54451a2.96e27943e75178df402e02fb2d0e70ba.jpeg?odnHeight=186&amp;odnWidth=186&amp;odnBg=FFFFFF 1x, https://i5.walmartimages.com/asr/c876b426-ab90-41c6-a16d-cd90c54451a2.96e27943e75178df402e02fb2d0e70ba.jpeg?odnHeight=372&amp;odnWidth=372&amp;odnBg=FFFFFF 2x" class="absolute top-0 left-0" data-testid="productTileImage" alt="" src="https://i5.walmartimages.com/asr/c876b426-ab90-41c6-a16d-cd90c54451a2.96e27943e75178df402e02fb2d0e70ba.jpeg?odnHeight=372&amp;odnWidth=372&amp;odnBg=FFFFFF" width="" height=""></div><div class="z-2 absolute bottom--1"><div class="dib relative"><button class="w_6 w_8 w_AD pointer bn bg-blue hover-bg-dark-blue white sans-serif b w-auto ph2 flex items-center justify-center shadow-1" type="button" aria-label="Add to cart - Bugles Crispy Corn Snacks, Nacho Cheese, Family Size Snack Bag, 14.5 oz"><i class="ld ld-Plus" style="font-size: 1.5rem; vertical-align: -0.25em;" title="add to cart"></i><span class="mr2">Add</span></button></div></div></div><div class="mt5 mb1" style="height: 24px;" data-testid="variant-39360123"></div><div class="flex flex-wrap justify-start items-center lh-title mb2 mb1-m"><div class="b black f5 mr1 mr2-xl lh-copy f4-l" aria-hidden="true">$3.53</div><span class="w_AM">current price $3.53</span><div class="f7 f6-l gray mr1">24.3 ¢/oz</div></div><span class="w_AJ" style="-webkit-line-clamp: 3; padding-bottom: 0em; margin-bottom: 0em;"><span class="f6 f5-l normal dark-gray mb0 mt1 lh-title">Bugles Crispy Corn Snacks, Nacho Cheese, Family Size Snack Bag, 14.5 oz</span></span><div class="mt2 flex items-center"><span class="black inline-flex mr1"><i class="ld ld-StarFill" style="font-size: 12px; vertical-align: -0.175em;" aria-hidden="true"></i><i class="ld ld-StarFill" style="font-size: 12px; vertical-align: -0.175em;" aria-hidden="true"></i><i class="ld ld-StarFill" style="font-size: 12px; vertical-align: -0.175em;" aria-hidden="true"></i><i class="ld ld-StarFill" style="font-size: 12px; vertical-align: -0.175em;" aria-hidden="true"></i><i class="ld ld-StarHalf" style="font-size: 12px; vertical-align: -0.175em;" aria-hidden="true"></i></span><span class="sans-serif gray f7" aria-hidden="true">72</span><span class="w_AM">4.5 out of 5 Stars. 72 reviews</span></div><div class="mt2 mb2"><span class="w_EN w_ET w_EX mr1 mt1 ph1">Pickup</span><span class="w_EN w_ET w_EX mr1 mt1 ph1">Delivery</span><span class="w_EN w_ET w_EX mr1 mt1 ph1">3+ day shipping</span></div></div></li><li class="flex flex-column items-center pa1 pr2 pb2 pr4" aria-hidden="false" data-slide="2"><div data-item-id="47905681" data-ad-component-type="wpa-tile" class="sans-serif mid-gray relative flex flex-column w-100 h-100" data-testid="product-tile-2"><a link-identifier="47905681" href="https://wrd.walmart.com/track?bt=1&amp;eventST=click&amp;plmt=sp-item-middle~desktop~&amp;pos=3&amp;tax=976759_976787_1001390_5517955&amp;rdf=1&amp;rd=https%3A%2F%2Fwww.walmart.com%2Fip%2F%2F47905681&amp;adUid=39bed74d-5cac-4695-817a-3c2dfc8dcde5&amp;mloc=sp-item-middle&amp;pltfm=desktop&amp;pgId=677669806&amp;pt=item&amp;spQs=fm0EmRDKVMuoG1mASCN_PL8W0IFT28S_DT56n1Ge8Pzl7Vdo4qqaTD81C-0k7T7ynYo4SvyuV8btvMVvWVfwf1oL1tZ8Yub-1wk3aLrHcDdjLGOZ8k74fvX0mpZM4QDQ_Sfehb_HSmDqyeNTWAMY-n8onwzHJsogATovH5XE8Nc&amp;storeId=3081&amp;bkt=2216" class="absolute w-100 h-100 z-1"><span class="w_AM">Gardetto's Snack Mix, Roasted Garlic Rye Chips, 14 oz</span></a><div class="h2 relative mv2"></div><div class="relative"><div class="relative overflow-hidden" style="max-width: 186px; height: 186px; padding-bottom: min(186px, 100%); align-self: center; width: 186px;"><img loading="lazy" srcset="https://i5.walmartimages.com/asr/0a4906aa-ce77-408e-be0d-0e96dc24d45b.3f24411ada492b002b2af01d57a559b8.jpeg?odnHeight=186&amp;odnWidth=186&amp;odnBg=FFFFFF 1x, https://i5.walmartimages.com/asr/0a4906aa-ce77-408e-be0d-0e96dc24d45b.3f24411ada492b002b2af01d57a559b8.jpeg?odnHeight=372&amp;odnWidth=372&amp;odnBg=FFFFFF 2x" class="absolute top-0 left-0" data-testid="productTileImage" alt="" src="https://i5.walmartimages.com/asr/0a4906aa-ce77-408e-be0d-0e96dc24d45b.3f24411ada492b002b2af01d57a559b8.jpeg?odnHeight=372&amp;odnWidth=372&amp;odnBg=FFFFFF" width="" height=""></div><div class="z-2 absolute bottom--1"><div class="dib relative"><button class="w_6 w_8 w_AD pointer bn bg-blue hover-bg-dark-blue white sans-serif b w-auto ph2 flex items-center justify-center shadow-1" type="button" aria-label="Add to cart - Gardetto's Snack Mix, Roasted Garlic Rye Chips, 14 oz"><i class="ld ld-Plus" style="font-size: 1.5rem; vertical-align: -0.25em;" title="add to cart"></i><span class="mr2">Add</span></button></div></div></div><div class="mt5 mb1" style="height: 24px;" data-testid="variant-47905681"></div><div class="flex flex-wrap justify-start items-center lh-title mb2 mb1-m"><div class="b black f5 mr1 mr2-xl lh-copy f4-l" aria-hidden="true">$3.53</div><span class="w_AM">current price $3.53</span><div class="f7 f6-l gray mr1">25.2 ¢/oz</div></div><span class="w_AJ" style="-webkit-line-clamp: 3; padding-bottom: 0em; margin-bottom: 0em;"><span class="f6 f5-l normal dark-gray mb0 mt1 lh-title">Gardetto's Snack Mix, Roasted Garlic Rye Chips, 14 oz</span></span><div class="mt2 flex items-center"><span class="black inline-flex mr1"><i class="ld ld-StarFill" style="font-size: 12px; vertical-align: -0.175em;" aria-hidden="true"></i><i class="ld ld-StarFill" style="font-size: 12px; vertical-align: -0.175em;" aria-hidden="true"></i><i class="ld ld-StarFill" style="font-size: 12px; vertical-align: -0.175em;" aria-hidden="true"></i><i class="ld ld-StarFill" style="font-size: 12px; vertical-align: -0.175em;" aria-hidden="true"></i><i class="ld ld-StarHalf" style="font-size: 12px; vertical-align: -0.175em;" aria-hidden="true"></i></span><span class="sans-serif gray f7" aria-hidden="true">459</span><span class="w_AM">4.5 out of 5 Stars. 459 reviews</span></div><div class="mt2 mb2"><span class="w_EN w_ET w_EX mr1 mt1 ph1">Pickup</span><span class="w_EN w_ET w_EX mr1 mt1 ph1">Delivery</span><span class="w_EN w_ET w_EX mr1 mt1 ph1">3+ day shipping</span></div></div></li><li class="flex flex-column items-center pa1 pr2 pb2 pr4" aria-hidden="false" data-slide="3"><div data-item-id="655094884" data-ad-component-type="wpa-tile" class="sans-serif mid-gray relative flex flex-column w-100 h-100" data-testid="product-tile-3"><a link-identifier="655094884" href="https://wrd.walmart.com/track?bt=1&amp;eventST=click&amp;plmt=sp-item-middle~desktop~&amp;pos=4&amp;tax=976759_976787_1001390_5517955&amp;rdf=1&amp;rd=https%3A%2F%2Fwww.walmart.com%2Fip%2F%2F655094884&amp;adUid=39bed74d-5cac-4695-817a-3c2dfc8dcde5&amp;mloc=sp-item-middle&amp;pltfm=desktop&amp;pgId=677669806&amp;pt=item&amp;spQs=J5TYYnzQtuEdDTzlQp2ydbp7wzrxDKLQ3QfjOcdZJmiksLIKH8GdMHI51EBhDsz8kdf9vuziCGlhlTuogqhZG6C2xVCWBBupnDMATz7sn7fo8qKnICnBCcC4Fh9W36Vrx3-29TJAx1wKE4feVoNXNUl-afVpvnVUgBzyFYfuAUo&amp;storeId=3081&amp;bkt=2216" class="absolute w-100 h-100 z-1"><span class="w_AM">Takis Fuego Rolled Tortilla Chips, Hot Chili Pepper and Lime Artificially Flavored, 20 Ounce Fiesta Size Bag</span></a><div class="h2 relative mv2"></div><div class="relative"><div class="relative overflow-hidden" style="max-width: 186px; height: 186px; padding-bottom: min(186px, 100%); align-self: center; width: 186px;"><img loading="lazy" srcset="https://i5.walmartimages.com/asr/77fae496-d0a6-4289-8f33-2496553175d6.73408a2f420a364571a0a0104663be4e.jpeg?odnHeight=186&amp;odnWidth=186&amp;odnBg=FFFFFF 1x, https://i5.walmartimages.com/asr/77fae496-d0a6-4289-8f33-2496553175d6.73408a2f420a364571a0a0104663be4e.jpeg?odnHeight=372&amp;odnWidth=372&amp;odnBg=FFFFFF 2x" class="absolute top-0 left-0" data-testid="productTileImage" alt="" src="https://i5.walmartimages.com/asr/77fae496-d0a6-4289-8f33-2496553175d6.73408a2f420a364571a0a0104663be4e.jpeg?odnHeight=372&amp;odnWidth=372&amp;odnBg=FFFFFF" width="" height=""></div><div class="z-2 absolute bottom--1"><div class="dib relative"><button class="w_6 w_8 w_AD pointer bn bg-blue hover-bg-dark-blue white sans-serif b w-auto ph2 flex items-center justify-center shadow-1" type="button" aria-label="Add to cart - Takis Fuego Rolled Tortilla Chips, Hot Chili Pepper and Lime Artificially Flavored, 20 Ounce Fiesta Size Bag"><i class="ld ld-Plus" style="font-size: 1.5rem; vertical-align: -0.25em;" title="add to cart"></i><span class="mr2">Add</span></button></div></div></div><div class="mt5 mb1" style="height: 24px;" data-testid="variant-655094884"></div><div class="flex flex-wrap justify-start items-center lh-title mb2 mb1-m"><div class="b black f5 mr1 mr2-xl lh-copy f4-l" aria-hidden="true">$4.47</div><span class="w_AM">current price $4.47</span><div class="f7 f6-l gray mr1">22.4 ¢/oz</div></div><span class="w_AJ" style="-webkit-line-clamp: 3; padding-bottom: 0em; margin-bottom: 0em;"><span class="f6 f5-l normal dark-gray mb0 mt1 lh-title">Takis Fuego Rolled Tortilla Chips, Hot Chili Pepper and Lime Artificially Flavored, 20 Ounce Fiesta Size Bag</span></span><div class="mt2 flex items-center"><span class="black inline-flex mr1"><i class="ld ld-StarFill" style="font-size: 12px; vertical-align: -0.175em;" aria-hidden="true"></i><i class="ld ld-StarFill" style="font-size: 12px; vertical-align: -0.175em;" aria-hidden="true"></i><i class="ld ld-StarFill" style="font-size: 12px; vertical-align: -0.175em;" aria-hidden="true"></i><i class="ld ld-StarFill" style="font-size: 12px; vertical-align: -0.175em;" aria-hidden="true"></i><i class="ld ld-StarHalf" style="font-size: 12px; vertical-align: -0.175em;" aria-hidden="true"></i></span><span class="sans-serif gray f7" aria-hidden="true">347</span><span class="w_AM">4.6 out of 5 Stars. 347 reviews</span></div><div class="mt2 mb2"><span class="w_EN w_ET w_EX mr1 mt1 ph1">Pickup</span><span class="w_EN w_ET w_EX mr1 mt1 ph1">Delivery</span><span class="w_EN w_ET w_EX mr1 mt1 ph1">3+ day shipping</span></div></div></li><li class="flex flex-column items-center pa1 pr2 pb2 pr4" aria-hidden="true" data-slide="4" style="scroll-snap-align: start;"><div data-item-id="246212997" data-ad-component-type="wpa-tile" class="sans-serif mid-gray relative flex flex-column w-100 h-100" data-testid="product-tile-4"><a link-identifier="246212997" href="https://wrd.walmart.com/track?bt=1&amp;eventST=click&amp;plmt=sp-item-middle~desktop~&amp;pos=5&amp;tax=976759_976787_1001390_5517955&amp;rdf=1&amp;rd=https%3A%2F%2Fwww.walmart.com%2Fip%2F%2F246212997&amp;adUid=39bed74d-5cac-4695-817a-3c2dfc8dcde5&amp;mloc=sp-item-middle&amp;pltfm=desktop&amp;pgId=677669806&amp;pt=item&amp;spQs=AI8shvaisvnmtpreFmO-vyBPnWglNysfydMheH4jOIAwqxcOqK7r0iEihMVQEhyQnED2tRCU41UtVKJK9w56ffNbjEaYli4bMGGUPOVVSWYN7t_R9bKIo19w7KOdOoqjcmEoCQKsK4lrCAig7_pEcNZMh1As8GUW804sRcAxZ3A&amp;storeId=3081&amp;bkt=2216" class="absolute w-100 h-100 z-1"><span class="w_AM">Pringles Potato Crisps Chips, Lunch Snacks, On The Go Snacks, Cheddar Cheese, 5.5 Oz, Can</span></a><div class="h2 relative mv2"></div><div class="relative"><div class="relative overflow-hidden" style="max-width: 186px; height: 186px; padding-bottom: min(186px, 100%); align-self: center; width: 186px;"><img loading="lazy" srcset="https://i5.walmartimages.com/asr/80d667a6-62a9-4f00-a18e-bc55f85f3a12.ded73a4ce19550c129496b1b1f321807.jpeg?odnHeight=186&amp;odnWidth=186&amp;odnBg=FFFFFF 1x, https://i5.walmartimages.com/asr/80d667a6-62a9-4f00-a18e-bc55f85f3a12.ded73a4ce19550c129496b1b1f321807.jpeg?odnHeight=372&amp;odnWidth=372&amp;odnBg=FFFFFF 2x" class="absolute top-0 left-0" data-testid="productTileImage" alt="" src="https://i5.walmartimages.com/asr/80d667a6-62a9-4f00-a18e-bc55f85f3a12.ded73a4ce19550c129496b1b1f321807.jpeg?odnHeight=372&amp;odnWidth=372&amp;odnBg=FFFFFF" width="" height=""></div><div class="z-2 absolute bottom--1"><div class="dib relative"><button class="w_6 w_8 w_AD pointer bn bg-blue hover-bg-dark-blue white sans-serif b w-auto ph2 flex items-center justify-center shadow-1" type="button" aria-label="Add to cart - Pringles Potato Crisps Chips, Lunch Snacks, On The Go Snacks, Cheddar Cheese, 5.5 Oz, Can"><i class="ld ld-Plus" style="font-size: 1.5rem; vertical-align: -0.25em;" title="add to cart"></i><span class="mr2">Add</span></button></div></div></div><div class="mt5 mb1" style="height: 24px;" data-testid="variant-246212997"></div><div class="flex flex-wrap justify-start items-center lh-title mb2 mb1-m"><div class="b black f5 mr1 mr2-xl lh-copy f4-l" aria-hidden="true">$1.78</div><span class="w_AM">current price $1.78</span><div class="f7 f6-l strike gray mr3" aria-hidden="true">$5.28</div><span class="w_AM">was $5.28</span><div class="f7 f6-l gray mr1">32.4 ¢/oz</div></div><span class="w_AJ" style="-webkit-line-clamp: 3; padding-bottom: 0em; margin-bottom: 0em;"><span class="f6 f5-l normal dark-gray mb0 mt1 lh-title">Pringles Potato Crisps Chips, Lunch Snacks, On The Go Snacks, Cheddar Cheese, 5.5 Oz, Can</span></span><div class="mt2 flex items-center"><span class="black inline-flex mr1"><i class="ld ld-StarFill" style="font-size: 12px; vertical-align: -0.175em;" aria-hidden="true"></i><i class="ld ld-StarFill" style="font-size: 12px; vertical-align: -0.175em;" aria-hidden="true"></i><i class="ld ld-StarFill" style="font-size: 12px; vertical-align: -0.175em;" aria-hidden="true"></i><i class="ld ld-StarFill" style="font-size: 12px; vertical-align: -0.175em;" aria-hidden="true"></i><i class="ld ld-StarHalf" style="font-size: 12px; vertical-align: -0.175em;" aria-hidden="true"></i></span><span class="sans-serif gray f7" aria-hidden="true">301</span><span class="w_AM">4.5 out of 5 Stars. 301 reviews</span></div><div class="mt2 mb2"><span class="w_EN w_ET w_EX mr1 mt1 ph1">Pickup</span><span class="w_EN w_ET w_EX mr1 mt1 ph1">Delivery</span><span class="w_EN w_ET w_EX mr1 mt1 ph1">3+ day shipping</span></div></div></li><li class="flex flex-column items-center pa1 pr2 pb2 pr4" aria-hidden="true" data-slide="5"><div data-item-id="15580719" data-ad-component-type="wpa-tile" class="sans-serif mid-gray relative flex flex-column w-100 h-100" data-testid="product-tile-5"><a link-identifier="15580719" href="https://wrd.walmart.com/track?bt=1&amp;eventST=click&amp;plmt=sp-item-middle~desktop~&amp;pos=6&amp;tax=976759_976787_1001390_5517955&amp;rdf=1&amp;rd=https%3A%2F%2Fwww.walmart.com%2Fip%2F%2F15580719&amp;adUid=39bed74d-5cac-4695-817a-3c2dfc8dcde5&amp;mloc=sp-item-middle&amp;pltfm=desktop&amp;pgId=677669806&amp;pt=item&amp;spQs=9ZIncgWlj4GxdNFu-lsb378W0IFT28S_DT56n1Ge8Pzl7Vdo4qqaTD81C-0k7T7ynYo4SvyuV8btvMVvWVfwf1oL1tZ8Yub-1wk3aLrHcDdjLGOZ8k74fvX0mpZM4QDQI93oe-6wNiZPLCtIaFo8RBMef6h1-3BOtqyjoyWKE-g&amp;storeId=3081&amp;bkt=2216" class="absolute w-100 h-100 z-1"><span class="w_AM">Bugles Crispy Corn Snacks, Original Flavor, Family Size Snack Bag, 14.5 oz</span></a><div class="h2 relative mv2"></div><div class="relative"><div class="relative overflow-hidden" style="max-width: 186px; height: 186px; padding-bottom: min(186px, 100%); align-self: center; width: 186px;"><img loading="lazy" srcset="https://i5.walmartimages.com/asr/cd5f2fdb-476d-4646-97f2-22dcea2e2ea4.a1644c078f0936eaba8898b4b98af6f0.jpeg?odnHeight=186&amp;odnWidth=186&amp;odnBg=FFFFFF 1x, https://i5.walmartimages.com/asr/cd5f2fdb-476d-4646-97f2-22dcea2e2ea4.a1644c078f0936eaba8898b4b98af6f0.jpeg?odnHeight=372&amp;odnWidth=372&amp;odnBg=FFFFFF 2x" class="absolute top-0 left-0" data-testid="productTileImage" alt="" src="https://i5.walmartimages.com/asr/cd5f2fdb-476d-4646-97f2-22dcea2e2ea4.a1644c078f0936eaba8898b4b98af6f0.jpeg?odnHeight=372&amp;odnWidth=372&amp;odnBg=FFFFFF" width="" height=""></div><div class="z-2 absolute bottom--1"><div class="dib relative"><button class="w_6 w_8 w_AD pointer bn bg-blue hover-bg-dark-blue white sans-serif b w-auto ph2 flex items-center justify-center shadow-1" type="button" aria-label="Add to cart - Bugles Crispy Corn Snacks, Original Flavor, Family Size Snack Bag, 14.5 oz"><i class="ld ld-Plus" style="font-size: 1.5rem; vertical-align: -0.25em;" title="add to cart"></i><span class="mr2">Add</span></button></div></div></div><div class="mt5 mb1" style="height: 24px;" data-testid="variant-15580719"></div><div class="flex flex-wrap justify-start items-center lh-title mb2 mb1-m"><div class="b black f5 mr1 mr2-xl lh-copy f4-l" aria-hidden="true">$3.53</div><span class="w_AM">current price $3.53</span><div class="f7 f6-l gray mr1">24.3 ¢/oz</div></div><span class="w_AJ" style="-webkit-line-clamp: 3; padding-bottom: 0em; margin-bottom: 0em;"><span class="f6 f5-l normal dark-gray mb0 mt1 lh-title">Bugles Crispy Corn Snacks, Original Flavor, Family Size Snack Bag, 14.5 oz</span></span><div class="mt2 flex items-center"><span class="black inline-flex mr1"><i class="ld ld-StarFill" style="font-size: 12px; vertical-align: -0.175em;" aria-hidden="true"></i><i class="ld ld-StarFill" style="font-size: 12px; vertical-align: -0.175em;" aria-hidden="true"></i><i class="ld ld-StarFill" style="font-size: 12px; vertical-align: -0.175em;" aria-hidden="true"></i><i class="ld ld-StarFill" style="font-size: 12px; vertical-align: -0.175em;" aria-hidden="true"></i><i class="ld ld-StarHalf" style="font-size: 12px; vertical-align: -0.175em;" aria-hidden="true"></i></span><span class="sans-serif gray f7" aria-hidden="true">467</span><span class="w_AM">4.5 out of 5 Stars. 467 reviews</span></div><div class="mt2 mb2"><span class="w_EN w_ET w_EX mr1 mt1 ph1">Pickup</span><span class="w_EN w_ET w_EX mr1 mt1 ph1">Delivery</span><span class="w_EN w_ET w_EX mr1 mt1 ph1">1-day shipping</span></div></div></li><li class="flex flex-column items-center pa1 pr2 pb2 pr4" aria-hidden="true" data-slide="6"><div data-item-id="134090174" data-ad-component-type="wpa-tile" class="sans-serif mid-gray relative flex flex-column w-100 h-100" data-testid="product-tile-6"><a link-identifier="134090174" href="https://wrd.walmart.com/track?bt=1&amp;eventST=click&amp;plmt=sp-item-middle~desktop~&amp;pos=7&amp;tax=976759_976787_1001390_5517955&amp;rdf=1&amp;rd=https%3A%2F%2Fwww.walmart.com%2Fip%2F%2F134090174&amp;adUid=39bed74d-5cac-4695-817a-3c2dfc8dcde5&amp;mloc=sp-item-middle&amp;pltfm=desktop&amp;pgId=677669806&amp;pt=item&amp;spQs=lsshlaK3TqfUcq5NL__dULp7wzrxDKLQ3QfjOcdZJmiksLIKH8GdMHI51EBhDsz8kdf9vuziCGlhlTuogqhZG6C2xVCWBBupnDMATz7sn7e7GfsTspGxKWXGwW2lp_glkC03OHwdg57KD4pELZL4ThxluV0ggRSs5BlbTZkoJAI&amp;storeId=3081&amp;bkt=2216" class="absolute w-100 h-100 z-1"><span class="w_AM">Takis Fuego Rolled Tortilla Chips, Hot Chili Pepper and Lime Artificially Flavored, 4 Ounce Bag</span></a><div class="h2 relative mv2"></div><div class="relative"><div class="relative overflow-hidden" style="max-width: 186px; height: 186px; padding-bottom: min(186px, 100%); align-self: center; width: 186px;"><img loading="lazy" srcset="https://i5.walmartimages.com/asr/501f5bf5-95c8-4edc-a8f4-bf6f200248b5.af6b575ce0744a834d94d6e378d65d01.jpeg?odnHeight=186&amp;odnWidth=186&amp;odnBg=FFFFFF 1x, https://i5.walmartimages.com/asr/501f5bf5-95c8-4edc-a8f4-bf6f200248b5.af6b575ce0744a834d94d6e378d65d01.jpeg?odnHeight=372&amp;odnWidth=372&amp;odnBg=FFFFFF 2x" class="absolute top-0 left-0" data-testid="productTileImage" alt="" src="https://i5.walmartimages.com/asr/501f5bf5-95c8-4edc-a8f4-bf6f200248b5.af6b575ce0744a834d94d6e378d65d01.jpeg?odnHeight=372&amp;odnWidth=372&amp;odnBg=FFFFFF" width="" height=""></div><div class="z-2 absolute bottom--1"><div class="dib relative"><button class="w_6 w_8 w_AD pointer bn bg-blue hover-bg-dark-blue white sans-serif b w-auto ph2 flex items-center justify-center shadow-1" type="button" aria-label="Add to cart - Takis Fuego Rolled Tortilla Chips, Hot Chili Pepper and Lime Artificially Flavored, 4 Ounce Bag"><i class="ld ld-Plus" style="font-size: 1.5rem; vertical-align: -0.25em;" title="add to cart"></i><span class="mr2">Add</span></button></div></div></div><div class="mt5 mb1" style="height: 24px;" data-testid="variant-134090174"></div><div class="flex flex-wrap justify-start items-center lh-title mb2 mb1-m"><div class="b black f5 mr1 mr2-xl lh-copy f4-l" aria-hidden="true">$1.68</div><span class="w_AM">current price $1.68</span><div class="f7 f6-l gray mr1">42.0 ¢/oz</div></div><span class="w_AJ" style="-webkit-line-clamp: 3; padding-bottom: 0em; margin-bottom: 0em;"><span class="f6 f5-l normal dark-gray mb0 mt1 lh-title">Takis Fuego Rolled Tortilla Chips, Hot Chili Pepper and Lime Artificially Flavored, 4 Ounce Bag</span></span><div class="mt2 flex items-center"><span class="black inline-flex mr1"><i class="ld ld-StarFill" style="font-size: 12px; vertical-align: -0.175em;" aria-hidden="true"></i><i class="ld ld-StarFill" style="font-size: 12px; vertical-align: -0.175em;" aria-hidden="true"></i><i class="ld ld-StarFill" style="font-size: 12px; vertical-align: -0.175em;" aria-hidden="true"></i><i class="ld ld-StarFill" style="font-size: 12px; vertical-align: -0.175em;" aria-hidden="true"></i><i class="ld ld-StarHalf" style="font-size: 12px; vertical-align: -0.175em;" aria-hidden="true"></i></span><span class="sans-serif gray f7" aria-hidden="true">343</span><span class="w_AM">4.5 out of 5 Stars. 343 reviews</span></div><div class="mt2 mb2"><span class="w_EN w_ET w_EX mr1 mt1 ph1">Pickup</span><span class="w_EN w_ET w_EX mr1 mt1 ph1">Delivery</span><span class="w_EN w_ET w_EX mr1 mt1 ph1">3+ day shipping</span></div></div></li><li class="flex flex-column items-center pa1 pr2 pb2 pr4" aria-hidden="true" data-slide="7"><div data-item-id="773802028" data-ad-component-type="wpa-tile" class="sans-serif mid-gray relative flex flex-column w-100 h-100" data-testid="product-tile-7"><a link-identifier="773802028" href="https://wrd.walmart.com/track?bt=1&amp;eventST=click&amp;plmt=sp-item-middle~desktop~&amp;pos=8&amp;tax=976759_976787_1001390_5517955&amp;rdf=1&amp;rd=https%3A%2F%2Fwww.walmart.com%2Fip%2F%2F773802028&amp;adUid=39bed74d-5cac-4695-817a-3c2dfc8dcde5&amp;mloc=sp-item-middle&amp;pltfm=desktop&amp;pgId=677669806&amp;pt=item&amp;spQs=6_Mw-7-FHhTqUKArJsvV7rp7wzrxDKLQ3QfjOcdZJmiksLIKH8GdMHI51EBhDsz8kdf9vuziCGlhlTuogqhZG6C2xVCWBBupnDMATz7sn7cbow9FW8QBbnbwO3yZsrNMXsOmqavudEQrNnU-BkNzs3ptZN3pax_5G_pSjyFcX-A&amp;storeId=3081&amp;bkt=2216" class="absolute w-100 h-100 z-1"><span class="w_AM">Takis Blue Heat Rolled Tortilla Chips, Hot Chili Pepper Artificially Flavored, 4 Ounce Bag</span></a><div class="h2 relative mv2"></div><div class="relative"><div class="relative overflow-hidden" style="max-width: 186px; height: 186px; padding-bottom: min(186px, 100%); align-self: center; width: 186px;"><img loading="lazy" srcset="https://i5.walmartimages.com/asr/afa3b724-0fca-482b-a715-037e18a38c65.de5c8f5da3cdb993a5fd871bf063bf0c.jpeg?odnHeight=186&amp;odnWidth=186&amp;odnBg=FFFFFF 1x, https://i5.walmartimages.com/asr/afa3b724-0fca-482b-a715-037e18a38c65.de5c8f5da3cdb993a5fd871bf063bf0c.jpeg?odnHeight=372&amp;odnWidth=372&amp;odnBg=FFFFFF 2x" class="absolute top-0 left-0" data-testid="productTileImage" alt="" src="https://i5.walmartimages.com/asr/afa3b724-0fca-482b-a715-037e18a38c65.de5c8f5da3cdb993a5fd871bf063bf0c.jpeg?odnHeight=372&amp;odnWidth=372&amp;odnBg=FFFFFF" width="" height=""></div><div class="z-2 absolute bottom--1"><div class="dib relative"><button class="w_6 w_8 w_AD pointer bn bg-blue hover-bg-dark-blue white sans-serif b w-auto ph2 flex items-center justify-center shadow-1" type="button" aria-label="Add to cart - Takis Blue Heat Rolled Tortilla Chips, Hot Chili Pepper Artificially Flavored, 4 Ounce Bag"><i class="ld ld-Plus" style="font-size: 1.5rem; vertical-align: -0.25em;" title="add to cart"></i><span class="mr2">Add</span></button></div></div></div><div class="mt5 mb1" style="height: 24px;" data-testid="variant-773802028"></div><div class="flex flex-wrap justify-start items-center lh-title mb2 mb1-m"><div class="b black f5 mr1 mr2-xl lh-copy f4-l" aria-hidden="true">$1.68</div><span class="w_AM">current price $1.68</span><div class="f7 f6-l gray mr1">42.0 ¢/oz</div></div><span class="w_AJ" style="-webkit-line-clamp: 3; padding-bottom: 0em; margin-bottom: 0em;"><span class="f6 f5-l normal dark-gray mb0 mt1 lh-title">Takis Blue Heat Rolled Tortilla Chips, Hot Chili Pepper Artificially Flavored, 4 Ounce Bag</span></span><div class="mt2 flex items-center"><span class="black inline-flex mr1"><i class="ld ld-StarFill" style="font-size: 12px; vertical-align: -0.175em;" aria-hidden="true"></i><i class="ld ld-StarFill" style="font-size: 12px; vertical-align: -0.175em;" aria-hidden="true"></i><i class="ld ld-StarFill" style="font-size: 12px; vertical-align: -0.175em;" aria-hidden="true"></i><i class="ld ld-StarHalf" style="font-size: 12px; vertical-align: -0.175em;" aria-hidden="true"></i><i class="ld ld-Star" style="font-size: 12px; vertical-align: -0.175em;" aria-hidden="true"></i></span><span class="sans-serif gray f7" aria-hidden="true">76</span><span class="w_AM">3.6 out of 5 Stars. 76 reviews</span></div><div class="mt2 mb2"><span class="w_EN w_ET w_EX mr1 mt1 ph1">Pickup</span><span class="w_EN w_ET w_EX mr1 mt1 ph1">Delivery</span></div></div></li><li class="flex flex-column items-center pa1 pr2 pb2 pr4" aria-hidden="true" data-slide="8" style="scroll-snap-align: start;"><div data-item-id="367648982" data-ad-component-type="wpa-tile" class="sans-serif mid-gray relative flex flex-column w-100 h-100" data-testid="product-tile-8"><a link-identifier="367648982" href="https://wrd.walmart.com/track?bt=1&amp;eventST=click&amp;plmt=sp-item-middle~desktop~&amp;pos=9&amp;tax=976759_976787_1001390_5517955&amp;rdf=1&amp;rd=https%3A%2F%2Fwww.walmart.com%2Fip%2F%2F367648982&amp;adUid=39bed74d-5cac-4695-817a-3c2dfc8dcde5&amp;mloc=sp-item-middle&amp;pltfm=desktop&amp;pgId=677669806&amp;pt=item&amp;spQs=7JnfpjbjDgkM3QpAPYXXGmcKua9HnXZx_sqQF-yZpNZCnfYn4-EthSjV5b0O4fNnnED2tRCU41UtVKJK9w56ffNbjEaYli4bMGGUPOVVSWYN7t_R9bKIo19w7KOdOoqjcdiin10-scDNdQV_i6qA6c9SktT2_UnX_QMAnW16dbw&amp;storeId=3081&amp;bkt=2216" class="absolute w-100 h-100 z-1"><span class="w_AM">Bugles Crispy Corn Snacks, Original Flavor, Snack Bag, 8.75 oz</span></a><div class="h2 relative mv2"></div><div class="relative"><div class="relative overflow-hidden" style="max-width: 186px; height: 186px; padding-bottom: min(186px, 100%); align-self: center; width: 186px;"><img loading="lazy" srcset="https://i5.walmartimages.com/asr/bf7bfca2-43ef-4d27-9ed2-5274e0408a40.2920b6a819a27ad971ab329760313804.jpeg?odnHeight=186&amp;odnWidth=186&amp;odnBg=FFFFFF 1x, https://i5.walmartimages.com/asr/bf7bfca2-43ef-4d27-9ed2-5274e0408a40.2920b6a819a27ad971ab329760313804.jpeg?odnHeight=372&amp;odnWidth=372&amp;odnBg=FFFFFF 2x" class="absolute top-0 left-0" data-testid="productTileImage" alt="" src="https://i5.walmartimages.com/asr/bf7bfca2-43ef-4d27-9ed2-5274e0408a40.2920b6a819a27ad971ab329760313804.jpeg?odnHeight=372&amp;odnWidth=372&amp;odnBg=FFFFFF" width="" height=""></div><div class="z-2 absolute bottom--1"><div class="dib relative"><button class="w_6 w_8 w_AD pointer bn bg-blue hover-bg-dark-blue white sans-serif b w-auto ph2 flex items-center justify-center shadow-1" type="button" aria-label="Add to cart - Bugles Crispy Corn Snacks, Original Flavor, Snack Bag, 8.75 oz"><i class="ld ld-Plus" style="font-size: 1.5rem; vertical-align: -0.25em;" title="add to cart"></i><span class="mr2">Add</span></button></div></div></div><div class="mt5 mb1" style="height: 24px;" data-testid="variant-367648982"></div><div class="flex flex-wrap justify-start items-center lh-title mb2 mb1-m"><div class="b black f5 mr1 mr2-xl lh-copy f4-l" aria-hidden="true">$5.70</div><span class="w_AM">current price $5.70</span><div class="f7 f6-l gray mr1">65.1 ¢/oz</div></div><span class="w_AJ" style="-webkit-line-clamp: 3; padding-bottom: 0em; margin-bottom: 0em;"><span class="f6 f5-l normal dark-gray mb0 mt1 lh-title">Bugles Crispy Corn Snacks, Original Flavor, Snack Bag, 8.75 oz</span></span><div class="mt2 flex items-center"><span class="black inline-flex mr1"><i class="ld ld-StarFill" style="font-size: 12px; vertical-align: -0.175em;" aria-hidden="true"></i><i class="ld ld-StarFill" style="font-size: 12px; vertical-align: -0.175em;" aria-hidden="true"></i><i class="ld ld-StarFill" style="font-size: 12px; vertical-align: -0.175em;" aria-hidden="true"></i><i class="ld ld-StarFill" style="font-size: 12px; vertical-align: -0.175em;" aria-hidden="true"></i><i class="ld ld-StarHalf" style="font-size: 12px; vertical-align: -0.175em;" aria-hidden="true"></i></span><span class="sans-serif gray f7" aria-hidden="true">247</span><span class="w_AM">4.6 out of 5 Stars. 247 reviews</span></div><div class="mt2 mb2"><span class="w_EN w_ET w_EX mr1 mt1 ph1">3+ day shipping</span></div></div></li><li class="flex flex-column items-center pa1 pr2 pb2 pr4" aria-hidden="true" data-slide="9"><div data-item-id="435654130" data-ad-component-type="wpa-tile" class="sans-serif mid-gray relative flex flex-column w-100 h-100" data-testid="product-tile-9"><a link-identifier="435654130" href="https://wrd.walmart.com/track?bt=1&amp;eventST=click&amp;plmt=sp-item-middle~desktop~&amp;pos=10&amp;tax=976759_976787_1001390_5517955&amp;rdf=1&amp;rd=https%3A%2F%2Fwww.walmart.com%2Fip%2F%2F435654130&amp;adUid=39bed74d-5cac-4695-817a-3c2dfc8dcde5&amp;mloc=sp-item-middle&amp;pltfm=desktop&amp;pgId=677669806&amp;pt=item&amp;spQs=JU2Wey06eREpwSX981Cj_4jHG7AikQtsvl3qGyAqkE9XK7RNuJXI9DKvLxpqhMjDkdf9vuziCGlhlTuogqhZG6C2xVCWBBupnDMATz7sn7fo8qKnICnBCcC4Fh9W36Vr864J1M3Y89m7TQyvljbrGb6MtgFVhaZFJMBha3y4gIg&amp;storeId=3081&amp;bkt=2216" class="absolute w-100 h-100 z-1"><span class="w_AM">Siete Family Foods Tortilla Chips, Grain Free, Sprinkle of Sea Salt, 5 oz. Bag</span></a><div class="h2 relative mv2"></div><div class="relative"><div class="relative overflow-hidden" style="max-width: 186px; height: 186px; padding-bottom: min(186px, 100%); align-self: center; width: 186px;"><img loading="lazy" srcset="https://i5.walmartimages.com/asr/aedf9329-d480-43df-8bf9-838837a463c1.4cc636a09e7e13fbae0aa012071b0bbd.jpeg?odnHeight=186&amp;odnWidth=186&amp;odnBg=FFFFFF 1x, https://i5.walmartimages.com/asr/aedf9329-d480-43df-8bf9-838837a463c1.4cc636a09e7e13fbae0aa012071b0bbd.jpeg?odnHeight=372&amp;odnWidth=372&amp;odnBg=FFFFFF 2x" class="absolute top-0 left-0" data-testid="productTileImage" alt="" src="https://i5.walmartimages.com/asr/aedf9329-d480-43df-8bf9-838837a463c1.4cc636a09e7e13fbae0aa012071b0bbd.jpeg?odnHeight=372&amp;odnWidth=372&amp;odnBg=FFFFFF" width="" height=""></div><div class="z-2 absolute bottom--1"><div class="dib relative"><button class="w_6 w_8 w_AD pointer bn bg-blue hover-bg-dark-blue white sans-serif b w-auto ph2 flex items-center justify-center shadow-1" type="button" aria-label="Add to cart - Siete Family Foods Tortilla Chips, Grain Free, Sprinkle of Sea Salt, 5 oz. Bag"><i class="ld ld-Plus" style="font-size: 1.5rem; vertical-align: -0.25em;" title="add to cart"></i><span class="mr2">Add</span></button></div></div></div><div class="mt5 mb1" style="height: 24px;" data-testid="variant-435654130"></div><div class="flex flex-wrap justify-start items-center lh-title mb2 mb1-m"><div class="b black f5 mr1 mr2-xl lh-copy f4-l" aria-hidden="true">$4.78</div><span class="w_AM">current price $4.78</span><div class="f7 f6-l gray mr1">95.6 ¢/oz</div></div><span class="w_AJ" style="-webkit-line-clamp: 3; padding-bottom: 0em; margin-bottom: 0em;"><span class="f6 f5-l normal dark-gray mb0 mt1 lh-title">Siete Family Foods Tortilla Chips, Grain Free, Sprinkle of Sea Salt, 5 oz. Bag</span></span><div class="mt2 flex items-center"><span class="black inline-flex mr1"><i class="ld ld-StarFill" style="font-size: 12px; vertical-align: -0.175em;" aria-hidden="true"></i><i class="ld ld-StarFill" style="font-size: 12px; vertical-align: -0.175em;" aria-hidden="true"></i><i class="ld ld-StarFill" style="font-size: 12px; vertical-align: -0.175em;" aria-hidden="true"></i><i class="ld ld-StarFill" style="font-size: 12px; vertical-align: -0.175em;" aria-hidden="true"></i><i class="ld ld-StarFill" style="font-size: 12px; vertical-align: -0.175em;" aria-hidden="true"></i></span><span class="sans-serif gray f7" aria-hidden="true">651</span><span class="w_AM">4.9 out of 5 Stars. 651 reviews</span></div><div class="mt2 mb2"><span class="w_EN w_ET w_EX mr1 mt1 ph1">Pickup</span><span class="w_EN w_ET w_EX mr1 mt1 ph1">Delivery</span><span class="w_EN w_ET w_EX mr1 mt1 ph1">3+ day shipping</span></div></div></li><li class="flex flex-column items-center pa1 pr2 pb2 pr4" aria-hidden="true" data-slide="10"><div data-item-id="895666722" data-ad-component-type="wpa-tile" class="sans-serif mid-gray relative flex flex-column w-100 h-100" data-testid="product-tile-10"><a link-identifier="895666722" href="https://wrd.walmart.com/track?bt=1&amp;eventST=click&amp;plmt=sp-item-middle~desktop~&amp;pos=11&amp;tax=976759_976787_1001390_5517955&amp;rdf=1&amp;rd=https%3A%2F%2Fwww.walmart.com%2Fip%2F%2F895666722&amp;adUid=39bed74d-5cac-4695-817a-3c2dfc8dcde5&amp;mloc=sp-item-middle&amp;pltfm=desktop&amp;pgId=677669806&amp;pt=item&amp;spQs=6gba9fbecn-3NN9c04hSU2k6Hf2fkoCaSvgFzp19FuXicB3qkK_5JDl2QfuXyG2M_r3miyoWrXsd_fYRtyDTY58MsIcUciNQg_rBphnvezvf9Dd6ImW5o36qVMmFgqNuM29xb0pt8OAAebXHn_XF-hMK6CR2dl5xcU3hpCDOINg&amp;storeId=3081&amp;bkt=2216" class="absolute w-100 h-100 z-1"><span class="w_AM">RITZ Cheese Crispers Cheddar Chips, 7 oz</span></a><div class="h2 relative mv2"></div><div class="relative"><div class="relative overflow-hidden" style="max-width: 186px; height: 186px; padding-bottom: min(186px, 100%); align-self: center; width: 186px;"><img loading="lazy" srcset="https://i5.walmartimages.com/asr/8bab0d94-d9cd-41c1-abf7-d55dc18f1979.7e4dd8131ed9a83e23e7d80b6e1f2a0c.jpeg?odnHeight=186&amp;odnWidth=186&amp;odnBg=FFFFFF 1x, https://i5.walmartimages.com/asr/8bab0d94-d9cd-41c1-abf7-d55dc18f1979.7e4dd8131ed9a83e23e7d80b6e1f2a0c.jpeg?odnHeight=372&amp;odnWidth=372&amp;odnBg=FFFFFF 2x" class="absolute top-0 left-0" data-testid="productTileImage" alt="" src="https://i5.walmartimages.com/asr/8bab0d94-d9cd-41c1-abf7-d55dc18f1979.7e4dd8131ed9a83e23e7d80b6e1f2a0c.jpeg?odnHeight=372&amp;odnWidth=372&amp;odnBg=FFFFFF" width="" height=""></div><div class="z-2 absolute bottom--1"><div class="dib relative"><button class="w_6 w_8 w_AD pointer bn bg-blue hover-bg-dark-blue white sans-serif b w-auto ph2 flex items-center justify-center shadow-1" type="button" aria-label="Add to cart - RITZ Cheese Crispers Cheddar Chips, 7 oz"><i class="ld ld-Plus" style="font-size: 1.5rem; vertical-align: -0.25em;" title="add to cart"></i><span class="mr2">Add</span></button></div></div></div><div class="mt5 mb1" style="height: 24px;" data-testid="variant-895666722"></div><div class="flex flex-wrap justify-start items-center lh-title mb2 mb1-m"><div class="b black f5 mr1 mr2-xl lh-copy f4-l" aria-hidden="true">$3.28</div><span class="w_AM">current price $3.28</span><div class="f7 f6-l gray mr1">46.9 ¢/oz</div></div><span class="w_AJ" style="-webkit-line-clamp: 3; padding-bottom: 0em; margin-bottom: 0em;"><span class="f6 f5-l normal dark-gray mb0 mt1 lh-title">RITZ Cheese Crispers Cheddar Chips, 7 oz</span></span><div class="mt2 flex items-center"><span class="black inline-flex mr1"><i class="ld ld-StarFill" style="font-size: 12px; vertical-align: -0.175em;" aria-hidden="true"></i><i class="ld ld-StarFill" style="font-size: 12px; vertical-align: -0.175em;" aria-hidden="true"></i><i class="ld ld-StarFill" style="font-size: 12px; vertical-align: -0.175em;" aria-hidden="true"></i><i class="ld ld-StarFill" style="font-size: 12px; vertical-align: -0.175em;" aria-hidden="true"></i><i class="ld ld-Star" style="font-size: 12px; vertical-align: -0.175em;" aria-hidden="true"></i></span><span class="sans-serif gray f7" aria-hidden="true">4146</span><span class="w_AM">4.2 out of 5 Stars. 4146 reviews</span></div><div class="mt2 mb2"><span class="w_EN w_ET w_EX mr1 mt1 ph1">Pickup</span><span class="w_EN w_ET w_EX mr1 mt1 ph1">Delivery</span><span class="w_EN w_ET w_EX mr1 mt1 ph1">1-day shipping</span></div></div></li><li class="flex flex-column items-center pa1 pr2 pb2 pr4" aria-hidden="true" data-slide="11"><div data-item-id="203248797" data-ad-component-type="wpa-tile" class="sans-serif mid-gray relative flex flex-column w-100 h-100" data-testid="product-tile-11"><a link-identifier="203248797" href="https://wrd.walmart.com/track?bt=1&amp;eventST=click&amp;plmt=sp-item-middle~desktop~&amp;pos=12&amp;tax=976759_976787_1001390_5517955&amp;rdf=1&amp;rd=https%3A%2F%2Fwww.walmart.com%2Fip%2F%2F203248797&amp;adUid=39bed74d-5cac-4695-817a-3c2dfc8dcde5&amp;mloc=sp-item-middle&amp;pltfm=desktop&amp;pgId=677669806&amp;pt=item&amp;spQs=umo8tMoH3evUpnKxdj8as2k6Hf2fkoCaSvgFzp19FuV3SArDEPFTNtlN2bhzXsMM_r3miyoWrXsd_fYRtyDTY58MsIcUciNQg_rBphnveztNKYBvFr4Q5Iuf7fBLPOy9k5LyVXI2Jvt-CmxFAymV7hXbIaY_PgYQ25Sqx2K4cH0&amp;storeId=3081&amp;bkt=2216" class="absolute w-100 h-100 z-1"><span class="w_AM">RITZ Cheese Crispers Spicy Queso Baked Chips, 7 oz</span></a><div class="h2 relative mv2"></div><div class="relative"><div class="relative overflow-hidden" style="max-width: 186px; height: 186px; padding-bottom: min(186px, 100%); align-self: center; width: 186px;"><img loading="lazy" srcset="https://i5.walmartimages.com/asr/a7fd373f-8cb6-41d7-a18d-5143a67567a4.9fe2b3e48f972efa10aed95d9181d7be.jpeg?odnHeight=186&amp;odnWidth=186&amp;odnBg=FFFFFF 1x, https://i5.walmartimages.com/asr/a7fd373f-8cb6-41d7-a18d-5143a67567a4.9fe2b3e48f972efa10aed95d9181d7be.jpeg?odnHeight=372&amp;odnWidth=372&amp;odnBg=FFFFFF 2x" class="absolute top-0 left-0" data-testid="productTileImage" alt="" src="https://i5.walmartimages.com/asr/a7fd373f-8cb6-41d7-a18d-5143a67567a4.9fe2b3e48f972efa10aed95d9181d7be.jpeg?odnHeight=372&amp;odnWidth=372&amp;odnBg=FFFFFF" width="" height=""></div><div class="z-2 absolute bottom--1"><div class="dib relative"><button class="w_6 w_8 w_AD pointer bn bg-blue hover-bg-dark-blue white sans-serif b w-auto ph2 flex items-center justify-center shadow-1" type="button" aria-label="Add to cart - RITZ Cheese Crispers Spicy Queso Baked Chips, 7 oz"><i class="ld ld-Plus" style="font-size: 1.5rem; vertical-align: -0.25em;" title="add to cart"></i><span class="mr2">Add</span></button></div></div></div><div class="mt5 mb1" style="height: 24px;" data-testid="variant-203248797"></div><div class="flex flex-wrap justify-start items-center lh-title mb2 mb1-m"><div class="b black f5 mr1 mr2-xl lh-copy f4-l" aria-hidden="true">$3.28</div><span class="w_AM">current price $3.28</span><div class="f7 f6-l gray mr1">46.9 ¢/oz</div></div><span class="w_AJ" style="-webkit-line-clamp: 3; padding-bottom: 0em; margin-bottom: 0em;"><span class="f6 f5-l normal dark-gray mb0 mt1 lh-title">RITZ Cheese Crispers Spicy Queso Baked Chips, 7 oz</span></span><div class="mt2 flex items-center"><span class="black inline-flex mr1"><i class="ld ld-StarFill" style="font-size: 12px; vertical-align: -0.175em;" aria-hidden="true"></i><i class="ld ld-StarFill" style="font-size: 12px; vertical-align: -0.175em;" aria-hidden="true"></i><i class="ld ld-StarFill" style="font-size: 12px; vertical-align: -0.175em;" aria-hidden="true"></i><i class="ld ld-StarHalf" style="font-size: 12px; vertical-align: -0.175em;" aria-hidden="true"></i><i class="ld ld-Star" style="font-size: 12px; vertical-align: -0.175em;" aria-hidden="true"></i></span><span class="sans-serif gray f7" aria-hidden="true">7</span><span class="w_AM">3.7 out of 5 Stars. 7 reviews</span></div><div class="mt2 mb2"><span class="w_EN w_ET w_EX mr1 mt1 ph1">1-day shipping</span></div></div></li><li class="flex flex-column items-center pa1 pr2 pb2 pr4" aria-hidden="true" data-slide="12" style="scroll-snap-align: start;"><div data-item-id="202454080" data-ad-component-type="wpa-tile" class="sans-serif mid-gray relative flex flex-column w-100 h-100" data-testid="product-tile-12"><a link-identifier="202454080" href="https://wrd.walmart.com/track?bt=1&amp;eventST=click&amp;plmt=sp-item-middle~desktop~&amp;pos=13&amp;tax=976759_976787_1001390_5517955&amp;rdf=1&amp;rd=https%3A%2F%2Fwww.walmart.com%2Fip%2F%2F202454080&amp;adUid=39bed74d-5cac-4695-817a-3c2dfc8dcde5&amp;mloc=sp-item-middle&amp;pltfm=desktop&amp;pgId=677669806&amp;pt=item&amp;spQs=iuKcHTNaOzogwQYUlJIgcGk6Hf2fkoCaSvgFzp19FuXicB3qkK_5JDl2QfuXyG2M_r3miyoWrXsd_fYRtyDTY58MsIcUciNQg_rBphnvezvf9Dd6ImW5o36qVMmFgqNucuaYKk5t-_vcCn8TpVwWHbzU4P_wlj4tw2kOTQxcBL4&amp;storeId=3081&amp;bkt=2216" class="absolute w-100 h-100 z-1"><span class="w_AM">Ritz Cheese Crispers Four Cheese And Herb Chips, 7 Oz</span></a><div class="h2 relative mv2"></div><div class="relative"><div class="relative overflow-hidden" style="max-width: 186px; height: 186px; padding-bottom: min(186px, 100%); align-self: center; width: 186px;"><img loading="lazy" srcset="https://i5.walmartimages.com/asr/77c4218b-e6d4-4486-85fc-6655ab3012c7.4fade5c0d0768c2ee4102313199f194b.jpeg?odnHeight=186&amp;odnWidth=186&amp;odnBg=FFFFFF 1x, https://i5.walmartimages.com/asr/77c4218b-e6d4-4486-85fc-6655ab3012c7.4fade5c0d0768c2ee4102313199f194b.jpeg?odnHeight=372&amp;odnWidth=372&amp;odnBg=FFFFFF 2x" class="absolute top-0 left-0" data-testid="productTileImage" alt="" src="https://i5.walmartimages.com/asr/77c4218b-e6d4-4486-85fc-6655ab3012c7.4fade5c0d0768c2ee4102313199f194b.jpeg?odnHeight=372&amp;odnWidth=372&amp;odnBg=FFFFFF" width="" height=""></div><div class="z-2 absolute bottom--1"><div class="dib relative"><button class="w_6 w_8 w_AD pointer bn bg-blue hover-bg-dark-blue white sans-serif b w-auto ph2 flex items-center justify-center shadow-1" type="button" aria-label="Add to cart - Ritz Cheese Crispers Four Cheese And Herb Chips, 7 Oz"><i class="ld ld-Plus" style="font-size: 1.5rem; vertical-align: -0.25em;" title="add to cart"></i><span class="mr2">Add</span></button></div></div></div><div class="mt5 mb1" style="height: 24px;" data-testid="variant-202454080"></div><div class="flex flex-wrap justify-start items-center lh-title mb2 mb1-m"><div class="b black f5 mr1 mr2-xl lh-copy f4-l" aria-hidden="true">$3.28</div><span class="w_AM">current price $3.28</span><div class="f7 f6-l gray mr1">46.9 ¢/oz</div></div><span class="w_AJ" style="-webkit-line-clamp: 3; padding-bottom: 0em; margin-bottom: 0em;"><span class="f6 f5-l normal dark-gray mb0 mt1 lh-title">Ritz Cheese Crispers Four Cheese And Herb Chips, 7 Oz</span></span><div class="mt2 flex items-center"><span class="black inline-flex mr1"><i class="ld ld-StarFill" style="font-size: 12px; vertical-align: -0.175em;" aria-hidden="true"></i><i class="ld ld-StarFill" style="font-size: 12px; vertical-align: -0.175em;" aria-hidden="true"></i><i class="ld ld-StarFill" style="font-size: 12px; vertical-align: -0.175em;" aria-hidden="true"></i><i class="ld ld-StarFill" style="font-size: 12px; vertical-align: -0.175em;" aria-hidden="true"></i><i class="ld ld-StarHalf" style="font-size: 12px; vertical-align: -0.175em;" aria-hidden="true"></i></span><span class="sans-serif gray f7" aria-hidden="true">272</span><span class="w_AM">4.3 out of 5 Stars. 272 reviews</span></div><div class="mt2 mb2"><span class="w_EN w_ET w_EX mr1 mt1 ph1">Pickup</span><span class="w_EN w_ET w_EX mr1 mt1 ph1">Delivery</span><span class="w_EN w_ET w_EX mr1 mt1 ph1">1-day shipping</span></div></div></li><li class="flex flex-column items-center pa1 pr2 pb2 pr4" aria-hidden="true" data-slide="13"><div data-item-id="853930307" data-ad-component-type="wpa-tile" class="sans-serif mid-gray relative flex flex-column w-100 h-100" data-testid="product-tile-13"><a link-identifier="853930307" href="https://wrd.walmart.com/track?bt=1&amp;eventST=click&amp;plmt=sp-item-middle~desktop~&amp;pos=14&amp;tax=976759_976787_1001390_5517955&amp;rdf=1&amp;rd=https%3A%2F%2Fwww.walmart.com%2Fip%2F%2F853930307&amp;adUid=39bed74d-5cac-4695-817a-3c2dfc8dcde5&amp;mloc=sp-item-middle&amp;pltfm=desktop&amp;pgId=677669806&amp;pt=item&amp;spQs=l-TQcnKY7XEZ5KVJLiS9Km3T-0kWkcijX5sqlXtdVShNtzkwA0M8jH2lxwM--SW_07Xysnq10ZNe9y3oYmGM3wB_Rk8-RWkpYM3guIq4B5NT-RHwkYf3w9ffsSVVJfXJF-ok17wit8YX-eFfasYAa3zzClMK8HLq6Mdpqt3FYtw&amp;storeId=3081&amp;bkt=2216" class="absolute w-100 h-100 z-1"><span class="w_AM">LesserEvil Organic Paleo Puffs, "No Cheese" Cheesiness, 5 oz</span></a><div class="h2 relative mv2"></div><div class="relative"><div class="relative overflow-hidden" style="max-width: 186px; height: 186px; padding-bottom: min(186px, 100%); align-self: center; width: 186px;"><img loading="lazy" srcset="https://i5.walmartimages.com/asr/3b08a35e-7d0a-4394-bf1f-b31dd92d34d4.150ca75626f1302e57f0033678573d13.png?odnHeight=186&amp;odnWidth=186&amp;odnBg=FFFFFF 1x, https://i5.walmartimages.com/asr/3b08a35e-7d0a-4394-bf1f-b31dd92d34d4.150ca75626f1302e57f0033678573d13.png?odnHeight=372&amp;odnWidth=372&amp;odnBg=FFFFFF 2x" class="absolute top-0 left-0" data-testid="productTileImage" alt="" src="https://i5.walmartimages.com/asr/3b08a35e-7d0a-4394-bf1f-b31dd92d34d4.150ca75626f1302e57f0033678573d13.png?odnHeight=372&amp;odnWidth=372&amp;odnBg=FFFFFF" width="" height=""></div><div class="z-2 absolute bottom--1"><div class="dib relative"><button class="w_6 w_8 w_AD pointer bn bg-blue hover-bg-dark-blue white sans-serif b w-auto ph2 flex items-center justify-center shadow-1" type="button" aria-label="Add to cart - LesserEvil Organic Paleo Puffs, &quot;No Cheese&quot; Cheesiness, 5 oz"><i class="ld ld-Plus" style="font-size: 1.5rem; vertical-align: -0.25em;" title="add to cart"></i><span class="mr2">Add</span></button></div></div></div><div class="mt5 mb1" style="height: 24px;" data-testid="variant-853930307"></div><div class="flex flex-wrap justify-start items-center lh-title mb2 mb1-m"><div class="b black f5 mr1 mr2-xl lh-copy f4-l" aria-hidden="true">$3.78</div><span class="w_AM">current price $3.78</span><div class="f7 f6-l gray mr1">75.6 ¢/oz</div></div><span class="w_AJ" style="-webkit-line-clamp: 3; padding-bottom: 0em; margin-bottom: 0em;"><span class="f6 f5-l normal dark-gray mb0 mt1 lh-title">LesserEvil Organic Paleo Puffs, "No Cheese" Cheesiness, 5 oz</span></span><div class="mt2 flex items-center"><span class="black inline-flex mr1"><i class="ld ld-StarFill" style="font-size: 12px; vertical-align: -0.175em;" aria-hidden="true"></i><i class="ld ld-StarFill" style="font-size: 12px; vertical-align: -0.175em;" aria-hidden="true"></i><i class="ld ld-StarFill" style="font-size: 12px; vertical-align: -0.175em;" aria-hidden="true"></i><i class="ld ld-StarFill" style="font-size: 12px; vertical-align: -0.175em;" aria-hidden="true"></i><i class="ld ld-StarHalf" style="font-size: 12px; vertical-align: -0.175em;" aria-hidden="true"></i></span><span class="sans-serif gray f7" aria-hidden="true">112</span><span class="w_AM">4.3 out of 5 Stars. 112 reviews</span></div><div class="mt2 mb2"><span class="w_EN w_ET w_EX mr1 mt1 ph1">Pickup</span><span class="w_EN w_ET w_EX mr1 mt1 ph1">Delivery</span><span class="w_EN w_ET w_EX mr1 mt1 ph1">1-day shipping</span></div></div></li><li class="flex flex-column items-center pa1 pr2 pb2 pr4" aria-hidden="true" data-slide="14"><div data-item-id="419256930" data-ad-component-type="wpa-tile" class="sans-serif mid-gray relative flex flex-column w-100 h-100" data-testid="product-tile-14"><a link-identifier="419256930" href="https://wrd.walmart.com/track?bt=1&amp;eventST=click&amp;plmt=sp-item-middle~desktop~&amp;pos=15&amp;tax=976759_976787_1001390_5517955&amp;rdf=1&amp;rd=https%3A%2F%2Fwww.walmart.com%2Fip%2F%2F419256930&amp;adUid=39bed74d-5cac-4695-817a-3c2dfc8dcde5&amp;mloc=sp-item-middle&amp;pltfm=desktop&amp;pgId=677669806&amp;pt=item&amp;spQs=jUwVCF0veibwyjsphQ6nXYjHG7AikQtsvl3qGyAqkE9XK7RNuJXI9DKvLxpqhMjDkdf9vuziCGlhlTuogqhZG6C2xVCWBBupnDMATz7sn7e7GfsTspGxKWXGwW2lp_glWCJp9Rmu0bSRpEVkOwH5cP9K7XJ3-h_MqfHn_ndzc4k&amp;storeId=3081&amp;bkt=2216" class="absolute w-100 h-100 z-1"><span class="w_AM">Siete Family Foods Tortilla Chips, Grain Free, Nacho, 5 oz. Bag</span></a><div class="h2 relative mv2"></div><div class="relative"><div class="relative overflow-hidden" style="max-width: 186px; height: 186px; padding-bottom: min(186px, 100%); align-self: center; width: 186px;"><img loading="lazy" srcset="https://i5.walmartimages.com/asr/3b87185c-be11-4a44-bcf6-53bc68cbb0e0.63e107ca9b2dab9b43cf1d3eda49ccae.jpeg?odnHeight=186&amp;odnWidth=186&amp;odnBg=FFFFFF 1x, https://i5.walmartimages.com/asr/3b87185c-be11-4a44-bcf6-53bc68cbb0e0.63e107ca9b2dab9b43cf1d3eda49ccae.jpeg?odnHeight=372&amp;odnWidth=372&amp;odnBg=FFFFFF 2x" class="absolute top-0 left-0" data-testid="productTileImage" alt="" src="https://i5.walmartimages.com/asr/3b87185c-be11-4a44-bcf6-53bc68cbb0e0.63e107ca9b2dab9b43cf1d3eda49ccae.jpeg?odnHeight=372&amp;odnWidth=372&amp;odnBg=FFFFFF" width="" height=""></div><div class="z-2 absolute bottom--1"><div class="dib relative"><button class="w_6 w_8 w_AD pointer bn bg-blue hover-bg-dark-blue white sans-serif b w-auto ph2 flex items-center justify-center shadow-1" type="button" aria-label="Add to cart - Siete Family Foods Tortilla Chips, Grain Free, Nacho, 5 oz. Bag"><i class="ld ld-Plus" style="font-size: 1.5rem; vertical-align: -0.25em;" title="add to cart"></i><span class="mr2">Add</span></button></div></div></div><div class="mt5 mb1" style="height: 24px;" data-testid="variant-419256930"></div><div class="flex flex-wrap justify-start items-center lh-title mb2 mb1-m"><div class="b black f5 mr1 mr2-xl lh-copy f4-l" aria-hidden="true">$4.65</div><span class="w_AM">current price $4.65</span><div class="f7 f6-l gray mr1">93.0 ¢/oz</div></div><span class="w_AJ" style="-webkit-line-clamp: 3; padding-bottom: 0em; margin-bottom: 0em;"><span class="f6 f5-l normal dark-gray mb0 mt1 lh-title">Siete Family Foods Tortilla Chips, Grain Free, Nacho, 5 oz. Bag</span></span><div class="mt2 flex items-center"><span class="black inline-flex mr1"><i class="ld ld-StarFill" style="font-size: 12px; vertical-align: -0.175em;" aria-hidden="true"></i><i class="ld ld-StarFill" style="font-size: 12px; vertical-align: -0.175em;" aria-hidden="true"></i><i class="ld ld-StarFill" style="font-size: 12px; vertical-align: -0.175em;" aria-hidden="true"></i><i class="ld ld-StarFill" style="font-size: 12px; vertical-align: -0.175em;" aria-hidden="true"></i><i class="ld ld-StarFill" style="font-size: 12px; vertical-align: -0.175em;" aria-hidden="true"></i></span><span class="sans-serif gray f7" aria-hidden="true">133</span><span class="w_AM">4.8 out of 5 Stars. 133 reviews</span></div><div class="mt2 mb2"><span class="w_EN w_ET w_EX mr1 mt1 ph1">Pickup</span><span class="w_EN w_ET w_EX mr1 mt1 ph1">Delivery</span></div></div></li><li class="flex flex-column items-center pa1 pr2 pb2 pr4" aria-hidden="true" data-slide="15"><div data-item-id="37846306" data-ad-component-type="wpa-tile" class="sans-serif mid-gray relative flex flex-column w-100 h-100" data-testid="product-tile-15"><a link-identifier="37846306" href="https://wrd.walmart.com/track?bt=1&amp;eventST=click&amp;plmt=sp-item-middle~desktop~&amp;pos=16&amp;tax=976759_976787_1001390_5517955&amp;rdf=1&amp;rd=https%3A%2F%2Fwww.walmart.com%2Fip%2F%2F37846306&amp;adUid=39bed74d-5cac-4695-817a-3c2dfc8dcde5&amp;mloc=sp-item-middle&amp;pltfm=desktop&amp;pgId=677669806&amp;pt=item&amp;spQs=cy47kg7oUk8TBxSTmDqgXX3sPTCbzuu2KxATMlfHmNX9xdc7ZSaDuzgKJCAtgDQX4xXkStmFXfZdlsd3enK8n3JZODFMCijRX1c3mBSo2GNjLGOZ8k74fvX0mpZM4QDQBXEFErtzl-AkYVZxEtOO-p426VG1rYMyVSINl-Z4C-8&amp;storeId=3081&amp;bkt=2216" class="absolute w-100 h-100 z-1"><span class="w_AM">Takis Stix Flare Corn Sticks, Chili Pepper and Lime Flavored, 9.9 Ounce Bag</span></a><div class="h2 relative mv2"></div><div class="relative"><div class="relative overflow-hidden" style="max-width: 186px; height: 186px; padding-bottom: min(186px, 100%); align-self: center; width: 186px;"><img loading="lazy" srcset="https://i5.walmartimages.com/asr/4ea730b9-4db6-40d6-b4ae-20eb24a8e852.bb446271f9c02ad77bb4338c96063759.jpeg?odnHeight=186&amp;odnWidth=186&amp;odnBg=FFFFFF 1x, https://i5.walmartimages.com/asr/4ea730b9-4db6-40d6-b4ae-20eb24a8e852.bb446271f9c02ad77bb4338c96063759.jpeg?odnHeight=372&amp;odnWidth=372&amp;odnBg=FFFFFF 2x" class="absolute top-0 left-0" data-testid="productTileImage" alt="" src="https://i5.walmartimages.com/asr/4ea730b9-4db6-40d6-b4ae-20eb24a8e852.bb446271f9c02ad77bb4338c96063759.jpeg?odnHeight=372&amp;odnWidth=372&amp;odnBg=FFFFFF" width="" height=""></div><div class="z-2 absolute bottom--1"><div class="dib relative"><button class="w_6 w_8 w_AD pointer bn bg-blue hover-bg-dark-blue white sans-serif b w-auto ph2 flex items-center justify-center shadow-1" type="button" aria-label="Add to cart - Takis Stix Flare Corn Sticks, Chili Pepper and Lime Flavored, 9.9 Ounce Bag"><i class="ld ld-Plus" style="font-size: 1.5rem; vertical-align: -0.25em;" title="add to cart"></i><span class="mr2">Add</span></button></div></div></div><div class="mt5 mb1" style="height: 24px;" data-testid="variant-37846306"></div><div class="flex flex-wrap justify-start items-center lh-title mb2 mb1-m"><div class="b black f5 mr1 mr2-xl lh-copy f4-l" aria-hidden="true">$2.88</div><span class="w_AM">current price $2.88</span><div class="f7 f6-l gray mr1">29.1 ¢/oz</div></div><span class="w_AJ" style="-webkit-line-clamp: 3; padding-bottom: 0em; margin-bottom: 0em;"><span class="f6 f5-l normal dark-gray mb0 mt1 lh-title">Takis Stix Flare Corn Sticks, Chili Pepper and Lime Flavored, 9.9 Ounce Bag</span></span><div class="mt2 flex items-center"><span class="black inline-flex mr1"><i class="ld ld-StarFill" style="font-size: 12px; vertical-align: -0.175em;" aria-hidden="true"></i><i class="ld ld-StarFill" style="font-size: 12px; vertical-align: -0.175em;" aria-hidden="true"></i><i class="ld ld-StarFill" style="font-size: 12px; vertical-align: -0.175em;" aria-hidden="true"></i><i class="ld ld-StarFill" style="font-size: 12px; vertical-align: -0.175em;" aria-hidden="true"></i><i class="ld ld-StarHalf" style="font-size: 12px; vertical-align: -0.175em;" aria-hidden="true"></i></span><span class="sans-serif gray f7" aria-hidden="true">16</span><span class="w_AM">4.4 out of 5 Stars. 16 reviews</span></div><div class="mt2 mb2"><span class="w_EN w_ET w_EX mr1 mt1 ph1">Pickup</span><span class="w_EN w_ET w_EX mr1 mt1 ph1">Delivery</span><span class="w_EN w_ET w_EX mr1 mt1 ph1">3+ day shipping</span></div></div></li><li class="flex flex-column items-center pa1 pr2 pb2 pr4" aria-hidden="true" data-slide="16" style="scroll-snap-align: start;"><div data-item-id="431030456" data-ad-component-type="wpa-tile" class="sans-serif mid-gray relative flex flex-column w-100 h-100" data-testid="product-tile-16"><a link-identifier="431030456" href="https://wrd.walmart.com/track?bt=1&amp;eventST=click&amp;plmt=sp-item-middle~desktop~&amp;pos=17&amp;tax=976759_976787_1001390_5517955&amp;rdf=1&amp;rd=https%3A%2F%2Fwww.walmart.com%2Fip%2F%2F431030456&amp;adUid=39bed74d-5cac-4695-817a-3c2dfc8dcde5&amp;mloc=sp-item-middle&amp;pltfm=desktop&amp;pgId=677669806&amp;pt=item&amp;spQs=1znfdLOssHtChk9JMfZUg23T-0kWkcijX5sqlXtdVShNtzkwA0M8jH2lxwM--SW_07Xysnq10ZNe9y3oYmGM3wB_Rk8-RWkpYM3guIq4B5OXnbt14UmpTnJBo8ST0VpbPJkWR_K8ZeAH5X5Sb5xNAtP_egI3O-TXIqRJEo128kg&amp;storeId=3081&amp;bkt=2216" class="absolute w-100 h-100 z-1"><span class="w_AM">LesserEvil Organic Paleo Puffs, Himalayan Pink Salt, 5 oz</span></a><div class="h2 relative mv2"></div><div class="relative"><div class="relative overflow-hidden" style="max-width: 186px; height: 186px; padding-bottom: min(186px, 100%); align-self: center; width: 186px;"><img loading="lazy" srcset="https://i5.walmartimages.com/asr/1eb40c3e-3d25-44e9-b621-daf59bcefd9c_1.c01ecdca76c2eafb10c1017173f4c047.jpeg?odnHeight=186&amp;odnWidth=186&amp;odnBg=FFFFFF 1x, https://i5.walmartimages.com/asr/1eb40c3e-3d25-44e9-b621-daf59bcefd9c_1.c01ecdca76c2eafb10c1017173f4c047.jpeg?odnHeight=372&amp;odnWidth=372&amp;odnBg=FFFFFF 2x" class="absolute top-0 left-0" data-testid="productTileImage" alt="" src="https://i5.walmartimages.com/asr/1eb40c3e-3d25-44e9-b621-daf59bcefd9c_1.c01ecdca76c2eafb10c1017173f4c047.jpeg?odnHeight=372&amp;odnWidth=372&amp;odnBg=FFFFFF" width="" height=""></div><div class="z-2 absolute bottom--1"><div class="dib relative"><button class="w_6 w_8 w_AD pointer bn bg-blue hover-bg-dark-blue white sans-serif b w-auto ph2 flex items-center justify-center shadow-1" type="button" aria-label="Add to cart - LesserEvil Organic Paleo Puffs, Himalayan Pink Salt, 5 oz"><i class="ld ld-Plus" style="font-size: 1.5rem; vertical-align: -0.25em;" title="add to cart"></i><span class="mr2">Add</span></button></div></div></div><div class="mt5 mb1" style="height: 24px;" data-testid="variant-431030456"></div><div class="flex flex-wrap justify-start items-center lh-title mb2 mb1-m"><div class="b black f5 mr1 mr2-xl lh-copy f4-l" aria-hidden="true">$3.78</div><span class="w_AM">current price $3.78</span><div class="f7 f6-l gray mr1">75.6 ¢/oz</div></div><span class="w_AJ" style="-webkit-line-clamp: 3; padding-bottom: 0em; margin-bottom: 0em;"><span class="f6 f5-l normal dark-gray mb0 mt1 lh-title">LesserEvil Organic Paleo Puffs, Himalayan Pink Salt, 5 oz</span></span><div class="mt2 flex items-center"><span class="black inline-flex mr1"><i class="ld ld-StarFill" style="font-size: 12px; vertical-align: -0.175em;" aria-hidden="true"></i><i class="ld ld-StarFill" style="font-size: 12px; vertical-align: -0.175em;" aria-hidden="true"></i><i class="ld ld-StarFill" style="font-size: 12px; vertical-align: -0.175em;" aria-hidden="true"></i><i class="ld ld-StarFill" style="font-size: 12px; vertical-align: -0.175em;" aria-hidden="true"></i><i class="ld ld-Star" style="font-size: 12px; vertical-align: -0.175em;" aria-hidden="true"></i></span><span class="sans-serif gray f7" aria-hidden="true">80</span><span class="w_AM">4.1 out of 5 Stars. 80 reviews</span></div><div class="mt2 mb2"><span class="w_EN w_ET w_EX mr1 mt1 ph1">Pickup</span><span class="w_EN w_ET w_EX mr1 mt1 ph1">Delivery</span><span class="w_EN w_ET w_EX mr1 mt1 ph1">1-day shipping</span></div></div></li><li class="flex flex-column items-center pa1 pr2 pb2 pr4" aria-hidden="true" data-slide="17"><div data-item-id="199279857" data-ad-component-type="wpa-tile" class="sans-serif mid-gray relative flex flex-column w-100 h-100" data-testid="product-tile-17"><a link-identifier="199279857" href="https://wrd.walmart.com/track?bt=1&amp;eventST=click&amp;plmt=sp-item-middle~desktop~&amp;pos=18&amp;tax=976759_976787_1001390_5517955&amp;rdf=1&amp;rd=https%3A%2F%2Fwww.walmart.com%2Fip%2F%2F199279857&amp;adUid=39bed74d-5cac-4695-817a-3c2dfc8dcde5&amp;mloc=sp-item-middle&amp;pltfm=desktop&amp;pgId=677669806&amp;pt=item&amp;spQs=BW83KWIOjSQ6eRVHUJF_VGk6Hf2fkoCaSvgFzp19FuV3SArDEPFTNtlN2bhzXsMM_r3miyoWrXsd_fYRtyDTY58MsIcUciNQg_rBphnvezud_0cR41zIuL1et9i7SQNJM5Gr8qz6hj8t0EhSx8ibncr6MLcD1r1hn3n-Vtot9ZE&amp;storeId=3081&amp;bkt=2216" class="absolute w-100 h-100 z-1"><span class="w_AM">RITZ Crisp and Thins Salt and Vinegar Chips, 7.1 oz</span></a><div class="h2 relative mv2"></div><div class="relative"><div class="relative overflow-hidden" style="max-width: 186px; height: 186px; padding-bottom: min(186px, 100%); align-self: center; width: 186px;"><img loading="lazy" srcset="https://i5.walmartimages.com/asr/cf311673-9cba-4d2d-bf3a-b83423cd20d0.320051798796f1af522f9833a1406efa.jpeg?odnHeight=186&amp;odnWidth=186&amp;odnBg=FFFFFF 1x, https://i5.walmartimages.com/asr/cf311673-9cba-4d2d-bf3a-b83423cd20d0.320051798796f1af522f9833a1406efa.jpeg?odnHeight=372&amp;odnWidth=372&amp;odnBg=FFFFFF 2x" class="absolute top-0 left-0" data-testid="productTileImage" alt="" src="https://i5.walmartimages.com/asr/cf311673-9cba-4d2d-bf3a-b83423cd20d0.320051798796f1af522f9833a1406efa.jpeg?odnHeight=372&amp;odnWidth=372&amp;odnBg=FFFFFF" width="" height=""></div><div class="z-2 absolute bottom--1"><div class="dib relative"><button class="w_6 w_8 w_AD pointer bn bg-blue hover-bg-dark-blue white sans-serif b w-auto ph2 flex items-center justify-center shadow-1" type="button" aria-label="Add to cart - RITZ Crisp and Thins Salt and Vinegar Chips, 7.1 oz"><i class="ld ld-Plus" style="font-size: 1.5rem; vertical-align: -0.25em;" title="add to cart"></i><span class="mr2">Add</span></button></div></div></div><div class="mt5 mb1" style="height: 24px;" data-testid="variant-199279857"></div><div class="flex flex-wrap justify-start items-center lh-title mb2 mb1-m"><div class="b black f5 mr1 mr2-xl lh-copy f4-l" aria-hidden="true">$3.28</div><span class="w_AM">current price $3.28</span></div><span class="w_AJ" style="-webkit-line-clamp: 3; padding-bottom: 0em; margin-bottom: 0em;"><span class="f6 f5-l normal dark-gray mb0 mt1 lh-title">RITZ Crisp and Thins Salt and Vinegar Chips, 7.1 oz</span></span><div class="mt2 flex items-center"><span class="black inline-flex mr1"><i class="ld ld-StarFill" style="font-size: 12px; vertical-align: -0.175em;" aria-hidden="true"></i><i class="ld ld-StarFill" style="font-size: 12px; vertical-align: -0.175em;" aria-hidden="true"></i><i class="ld ld-StarFill" style="font-size: 12px; vertical-align: -0.175em;" aria-hidden="true"></i><i class="ld ld-StarFill" style="font-size: 12px; vertical-align: -0.175em;" aria-hidden="true"></i><i class="ld ld-StarHalf" style="font-size: 12px; vertical-align: -0.175em;" aria-hidden="true"></i></span><span class="sans-serif gray f7" aria-hidden="true">38</span><span class="w_AM">4.5 out of 5 Stars. 38 reviews</span></div><div class="mt2 mb2"><span class="w_EN w_ET w_EX mr1 mt1 ph1">Pickup</span><span class="w_EN w_ET w_EX mr1 mt1 ph1">Delivery</span><span class="w_EN w_ET w_EX mr1 mt1 ph1">3+ day shipping</span></div></div></li><li class="flex flex-column items-center pa1 pr2 pb2 pr4" aria-hidden="true" data-slide="18"><div data-item-id="800286874" data-ad-component-type="wpa-tile" class="sans-serif mid-gray relative flex flex-column w-100 h-100" data-testid="product-tile-18"><a link-identifier="800286874" href="https://wrd.walmart.com/track?bt=1&amp;eventST=click&amp;plmt=sp-item-middle~desktop~&amp;pos=19&amp;tax=976759_976787_1001390_5517955&amp;rdf=1&amp;rd=https%3A%2F%2Fwww.walmart.com%2Fip%2F%2F800286874&amp;adUid=39bed74d-5cac-4695-817a-3c2dfc8dcde5&amp;mloc=sp-item-middle&amp;pltfm=desktop&amp;pgId=677669806&amp;pt=item&amp;spQs=LeetYhPGbSPs-CXymg0FECqNmysbpHXbh6aKjEiLzYHxaysscYRrF4QTmglWAuognED2tRCU41UtVKJK9w56ffNbjEaYli4bMGGUPOVVSWYN7t_R9bKIo19w7KOdOoqjDYioMWltGbQAlFN-l0qyjE3S0GX_wqK1A-n36tVOGvw&amp;storeId=3081&amp;bkt=2216" class="absolute w-100 h-100 z-1"><span class="w_AM">Cheez-It Snap'd Cheese Cracker Chips, Thin Crisps, Lunch Snacks, Cheddar Sour Cream Onion, 12 Oz, Bag</span></a><div class="h2 relative mv2"></div><div class="relative"><div class="relative overflow-hidden" style="max-width: 186px; height: 186px; padding-bottom: min(186px, 100%); align-self: center; width: 186px;"><img loading="lazy" srcset="https://i5.walmartimages.com/asr/166e740e-be6b-4480-ad24-6a525da48e58.c0b65f9b97e87fdfe3966b5cd9d32db9.jpeg?odnHeight=186&amp;odnWidth=186&amp;odnBg=FFFFFF 1x, https://i5.walmartimages.com/asr/166e740e-be6b-4480-ad24-6a525da48e58.c0b65f9b97e87fdfe3966b5cd9d32db9.jpeg?odnHeight=372&amp;odnWidth=372&amp;odnBg=FFFFFF 2x" class="absolute top-0 left-0" data-testid="productTileImage" alt="" src="https://i5.walmartimages.com/asr/166e740e-be6b-4480-ad24-6a525da48e58.c0b65f9b97e87fdfe3966b5cd9d32db9.jpeg?odnHeight=372&amp;odnWidth=372&amp;odnBg=FFFFFF" width="" height=""></div><div class="z-2 absolute bottom--1"><div class="dib relative"><button class="w_6 w_8 w_AD pointer bn bg-blue hover-bg-dark-blue white sans-serif b w-auto ph2 flex items-center justify-center shadow-1" type="button" aria-label="Add to cart - Cheez-It Snap'd Cheese Cracker Chips, Thin Crisps, Lunch Snacks, Cheddar Sour Cream Onion, 12 Oz, Bag"><i class="ld ld-Plus" style="font-size: 1.5rem; vertical-align: -0.25em;" title="add to cart"></i><span class="mr2">Add</span></button></div></div></div><div class="mt5 mb1" style="height: 24px;" data-testid="variant-800286874"></div><div class="flex flex-wrap justify-start items-center lh-title mb2 mb1-m"><div class="b black f5 mr1 mr2-xl lh-copy f4-l" aria-hidden="true">$4.98</div><span class="w_AM">current price $4.98</span><div class="f7 f6-l gray mr1">41.5 ¢/oz</div></div><span class="w_AJ" style="-webkit-line-clamp: 3; padding-bottom: 0em; margin-bottom: 0em;"><span class="f6 f5-l normal dark-gray mb0 mt1 lh-title">Cheez-It Snap'd Cheese Cracker Chips, Thin Crisps, Lunch Snacks, Cheddar Sour Cream Onion, 12 Oz, Bag</span></span><div class="mt2 flex items-center"><span class="black inline-flex mr1"><i class="ld ld-StarFill" style="font-size: 12px; vertical-align: -0.175em;" aria-hidden="true"></i><i class="ld ld-StarFill" style="font-size: 12px; vertical-align: -0.175em;" aria-hidden="true"></i><i class="ld ld-StarFill" style="font-size: 12px; vertical-align: -0.175em;" aria-hidden="true"></i><i class="ld ld-StarFill" style="font-size: 12px; vertical-align: -0.175em;" aria-hidden="true"></i><i class="ld ld-StarHalf" style="font-size: 12px; vertical-align: -0.175em;" aria-hidden="true"></i></span><span class="sans-serif gray f7" aria-hidden="true">327</span><span class="w_AM">4.7 out of 5 Stars. 327 reviews</span></div><div class="mt2 mb2"><span class="w_EN w_ET w_EX mr1 mt1 ph1">Pickup</span><span class="w_EN w_ET w_EX mr1 mt1 ph1">Delivery</span><span class="w_EN w_ET w_EX mr1 mt1 ph1">1-day shipping</span></div></div></li><li class="flex flex-column items-center pa1 pr2 pb2 pr4" aria-hidden="true" data-slide="19"><div data-item-id="161565632" data-ad-component-type="wpa-tile" class="sans-serif mid-gray relative flex flex-column w-100 h-100" data-testid="product-tile-19"><a link-identifier="161565632" href="https://wrd.walmart.com/track?bt=1&amp;eventST=click&amp;plmt=sp-item-middle~desktop~&amp;pos=20&amp;tax=976759_976787_1001390_5517955&amp;rdf=1&amp;rd=https%3A%2F%2Fwww.walmart.com%2Fip%2F%2F161565632&amp;adUid=39bed74d-5cac-4695-817a-3c2dfc8dcde5&amp;mloc=sp-item-middle&amp;pltfm=desktop&amp;pgId=677669806&amp;pt=item&amp;spQs=R-VuBmukwuAkSc3_yv0OgHH8qDvdP17k6xwRyMaTRFDUUfl98l78BTDDByRQ-MTX_r3miyoWrXsd_fYRtyDTY58MsIcUciNQg_rBphnvezvGCNRjneReT0NPwkKsYpT9PktD-g-oyUrhc9EUcDCyFB7Ba9SZvVd6QQSfuC0BwbQ&amp;storeId=3081&amp;bkt=2216" class="absolute w-100 h-100 z-1"><span class="w_AM">Chef-mate ¡Que Bueno! White Queso Sauce, Liquid White Nacho Cheese, 106 Oz Can</span></a><div class="h2 relative mv2"></div><div class="relative"><div class="relative overflow-hidden" style="max-width: 186px; height: 186px; padding-bottom: min(186px, 100%); align-self: center; width: 186px;"><img loading="lazy" srcset="https://i5.walmartimages.com/asr/2a978013-c31c-4d35-9c8b-ebea63ee2eac_1.e2f40276cffbe715da25a5891b90c448.jpeg?odnHeight=186&amp;odnWidth=186&amp;odnBg=FFFFFF 1x, https://i5.walmartimages.com/asr/2a978013-c31c-4d35-9c8b-ebea63ee2eac_1.e2f40276cffbe715da25a5891b90c448.jpeg?odnHeight=372&amp;odnWidth=372&amp;odnBg=FFFFFF 2x" class="absolute top-0 left-0" data-testid="productTileImage" alt="" src="https://i5.walmartimages.com/asr/2a978013-c31c-4d35-9c8b-ebea63ee2eac_1.e2f40276cffbe715da25a5891b90c448.jpeg?odnHeight=372&amp;odnWidth=372&amp;odnBg=FFFFFF" width="" height=""></div><div class="z-2 absolute bottom--1"><div class="dib relative"><button class="w_6 w_8 w_AD pointer bn bg-blue hover-bg-dark-blue white sans-serif b w-auto ph2 flex items-center justify-center shadow-1" type="button" aria-label="Add to cart - Chef-mate ¡Que Bueno! White Queso Sauce, Liquid White Nacho Cheese, 106 Oz Can"><i class="ld ld-Plus" style="font-size: 1.5rem; vertical-align: -0.25em;" title="add to cart"></i><span class="mr2">Add</span></button></div></div></div><div class="mt5 mb1" style="height: 24px;" data-testid="variant-161565632"></div><div class="flex flex-wrap justify-start items-center lh-title mb2 mb1-m"><div class="b black f5 mr1 mr2-xl lh-copy f4-l" aria-hidden="true">$22.44</div><span class="w_AM">current price $22.44</span><div class="f7 f6-l gray mr1">46.8 ¢/ea</div></div><span class="w_AJ" style="-webkit-line-clamp: 3; padding-bottom: 0em; margin-bottom: 0em;"><span class="f6 f5-l normal dark-gray mb0 mt1 lh-title">Chef-mate ¡Que Bueno! White Queso Sauce, Liquid White Nacho Cheese, 106 Oz Can</span></span><div class="mt2 flex items-center"><span class="black inline-flex mr1"><i class="ld ld-StarFill" style="font-size: 12px; vertical-align: -0.175em;" aria-hidden="true"></i><i class="ld ld-StarFill" style="font-size: 12px; vertical-align: -0.175em;" aria-hidden="true"></i><i class="ld ld-StarFill" style="font-size: 12px; vertical-align: -0.175em;" aria-hidden="true"></i><i class="ld ld-StarFill" style="font-size: 12px; vertical-align: -0.175em;" aria-hidden="true"></i><i class="ld ld-StarHalf" style="font-size: 12px; vertical-align: -0.175em;" aria-hidden="true"></i></span><span class="sans-serif gray f7" aria-hidden="true">39</span><span class="w_AM">4.3 out of 5 Stars. 39 reviews</span></div><div class="mt2 mb2"><span class="w_EN w_ET w_EX mr1 mt1 ph1">1-day shipping</span></div></div></li></ul><button class="absolute dn z-999 bg-white br-100 pa0 pointer ba db-l br-100 ba b--black nav-control right-1" style="top: 100px;" aria-label="Next slide for Products you may also like list"><i class="ld ld-ChevronRight" style="font-size: 1.5rem; vertical-align: -0.25em; padding: 12px;"></i></button></div></section></section></div></div> <!-- --><section><main><section class="mt5"><div id="item-review-section" data-testid="item-review-section"><header class="flex justify-between pr2 pb4 items-baseline" role="heading" aria-level="2"><h2 class="f2 dib lh-title ma0 dark-gray">Customer reviews &amp; ratings</h2></header><div class="flex flex-row"><div class="w-50"><div><span class="f-headline b" style="font-size: 72px;">4.1</span> <span class="f2 b">out of </span><span class="f-headline b" style="font-size: 72px;">5</span><span class="w_AM">stars</span><div class="pt1"><a link-identifier="Generic Name" class="bg-white b--none no-underline pointer" href="/reviews/product/677669806"><span class="black inline-flex"><i class="ld ld-StarFill" style="font-size: 12px; vertical-align: -0.175em;" aria-hidden="true"></i><i class="ld ld-StarFill" style="font-size: 12px; vertical-align: -0.175em;" aria-hidden="true"></i><i class="ld ld-StarFill" style="font-size: 12px; vertical-align: -0.175em;" aria-hidden="true"></i><i class="ld ld-StarFill" style="font-size: 12px; vertical-align: -0.175em;" aria-hidden="true"></i><i class="ld ld-Star" style="font-size: 12px; vertical-align: -0.175em;" aria-hidden="true"></i></span><span class="ml1 f7 dark-gray underline">(1415 reviews)</span></a></div></div></div><div class="w-50"><ol class="list pl0 w-100" reversed=""><li><button type="button" aria-label="999 5 stars reviews, 70.6% of all reviews are rated with 5 stars, Filters the reviews below" aria-pressed="false" class="flex items-center justify-between f6 mid-gray mb1 w-100 bg-white b--none sans-serif pointer"><span class="w4 tl underline">5 stars</span><span class="flex-grow-1"><span class="w_Ec"><span aria-valuemax="100" aria-valuemin="0" aria-valuenow="70.60070671378091" class="w_Ed w_Ef" role="progressbar" style="width: 70.6007%;"></span></span></span><span class="w3 tc">999</span></button></li><li><button type="button" aria-label="104 4 stars reviews, 7.3% of all reviews are rated with 4 stars, Filters the reviews below" aria-pressed="false" class="flex items-center justify-between f6 mid-gray mb1 w-100 bg-white b--none sans-serif pointer"><span class="w4 tl underline">4 stars</span><span class="flex-grow-1"><span class="w_Ec"><span aria-valuemax="100" aria-valuemin="0" aria-valuenow="7.34982332155477" class="w_Ed w_Ef" role="progressbar" style="width: 7.34982%;"></span></span></span><span class="w3 tc">104</span></button></li><li><button type="button" aria-label="52 3 stars reviews, 3.7% of all reviews are rated with 3 stars, Filters the reviews below" aria-pressed="false" class="flex items-center justify-between f6 mid-gray mb1 w-100 bg-white b--none sans-serif pointer"><span class="w4 tl underline">3 stars</span><span class="flex-grow-1"><span class="w_Ec"><span aria-valuemax="100" aria-valuemin="0" aria-valuenow="3.674911660777385" class="w_Ed w_Ef" role="progressbar" style="width: 3.67491%;"></span></span></span><span class="w3 tc">52</span></button></li><li><button type="button" aria-label="43 2 stars reviews, 3% of all reviews are rated with 2 stars, Filters the reviews below" aria-pressed="false" class="flex items-center justify-between f6 mid-gray mb1 w-100 bg-white b--none sans-serif pointer"><span class="w4 tl underline">2 stars</span><span class="flex-grow-1"><span class="w_Ec"><span aria-valuemax="100" aria-valuemin="0" aria-valuenow="3.03886925795053" class="w_Ed w_Ef" role="progressbar" style="width: 3.03887%;"></span></span></span><span class="w3 tc">43</span></button></li><li><button type="button" aria-label="217 1 star reviews, 15.3% of all reviews are rated with 1 star, Filters the reviews below" aria-pressed="false" class="flex items-center justify-between f6 mid-gray mb1 w-100 bg-white b--none sans-serif pointer"><span class="w4 tl underline">1 star</span><span class="flex-grow-1"><span class="w_Ec"><span aria-valuemax="100" aria-valuemin="0" aria-valuenow="15.335689045936396" class="w_Ed w_Ef" role="progressbar" style="width: 15.3357%;"></span></span></span><span class="w3 tc">217</span></button></li></ol></div></div><div class="mb6 pt2"><a class="w_Am dib no-underline ba br-pill pa1 pl3 pr3 items-center b f6 tl mr2" link-identifier="seeAllReviews" href="/reviews/product/677669806">See all reviews</a><a class="w_Am pa1 pr3 items-center f6 no-underline ba br-pill pl3 pr3 b bg-blue white hover-white" link-identifier="Generic Name" href="/reviews/write-review?productId=677669806&amp;returnUrl=/ip/Lay-s-Classic-Potato-Chips-Party-Size-13-oz-Bag/677669806?athbdg=L1600">Write a review</a></div><hr aria-hidden="true" class="w_Ah b--light-gray"><div class="mb4 mt5"><div class="flex flex-grow items-start pv3 ma4"><div class="w-50"><h4 class="mb1">Most helpful positive review</h4><div class="f6 gray mb2 pb1" style="visibility: visible; min-height: 24px;">18 customers found this helpful</div><div class="w_Z w_c"><div class="w_b"><div class="flex items-stretch justify-content"><div class="flex flex-grow-1 mb3"><div><span class="black inline-flex"><i class="ld ld-StarFill" style="font-size: 12px; vertical-align: -0.175em;" aria-hidden="true"></i><i class="ld ld-StarFill" style="font-size: 12px; vertical-align: -0.175em;" aria-hidden="true"></i><i class="ld ld-StarFill" style="font-size: 12px; vertical-align: -0.175em;" aria-hidden="true"></i><i class="ld ld-StarFill" style="font-size: 12px; vertical-align: -0.175em;" aria-hidden="true"></i><i class="ld ld-StarFill" style="font-size: 12px; vertical-align: -0.175em;" aria-hidden="true"></i></span><span class="w_AM">5 out of 5 stars review</span></div><div class="pl2 green b f7 self-center">Verified Purchaser</div></div><div></div></div><div class="f6 mid-gray lh-copy"><div class="f5 mb1 mt3"><span class="b w_AJ" style="-webkit-line-clamp: 1; padding-bottom: 0em; margin-bottom: 0em;">Yummy flavor.</span></div><span class="tc-m db-m"><span class="tl-m db-m">Great snack.  I love when I have a fresh fluffy bag.  The perfect amount of salty flavor.</span></span></div><div class="flex items-stretch justify-content pt3"><div class="flex flex-grow-1"><div class="f6 gray pr2 ">Stephanie</div><div class="f7 self-center"><span class="w_EN w_EV w_EX"></span></div></div></div></div></div></div><div class="br-100 b pa3 shadow-1 f3 lh-title mv7 mh6" aria-hidden="true">VS</div><div class="w-50"><h4 class="mb1">Most helpful negative review</h4><div class="f6 gray mb2 pb1" style="visibility: visible; min-height: 24px;"></div><div class="w_Z w_c"><div class="w_b"><div class="flex items-stretch justify-content"><div class="flex flex-grow-1 mb3"><div><span class="black inline-flex"><i class="ld ld-StarFill" style="font-size: 12px; vertical-align: -0.175em;" aria-hidden="true"></i><i class="ld ld-Star" style="font-size: 12px; vertical-align: -0.175em;" aria-hidden="true"></i><i class="ld ld-Star" style="font-size: 12px; vertical-align: -0.175em;" aria-hidden="true"></i><i class="ld ld-Star" style="font-size: 12px; vertical-align: -0.175em;" aria-hidden="true"></i><i class="ld ld-Star" style="font-size: 12px; vertical-align: -0.175em;" aria-hidden="true"></i></span><span class="w_AM">1 out of 5 stars review</span></div><div class="pl2 green b f7 self-center">Verified Purchaser</div></div><div></div></div><div class="f6 mid-gray lh-copy"><div class="f5 mb1 mt3"><span class="b w_AJ" style="-webkit-line-clamp: 1; padding-bottom: 0em; margin-bottom: 0em;"></span></div><span class="tc-m db-m"><span class="tl-m db-m">This bag of chips was nothing but pieces. We have always purchased Lays and never had a bag of pieces like this. 4.48 seems like a lot for something like this.</span></span></div><div class="flex items-stretch justify-content pt3"><div class="flex flex-grow-1"><div class="f6 gray pr2 ">Dale</div><div class="f7 self-center"><span class="w_EN w_EV w_EX"></span></div></div></div></div></div></div></div><hr aria-hidden="true" class="w_Ah"></div><div class=""><div class="overflow-hidden nr3 nr1-m"><ul class="cc-2 cg-4 mt0 pr3 pl0 pl1-m"><li class="dib w-100 mb3" style="transform: translate3d(0px, 0px, 0px);"><div role="button" aria-label="review  card" tabindex="0" class="pa0 ma0 bn bg-white b--white br0 tl sans-serif"><div class="w_Z w_c h-100"><div class="w_b"><div class="flex items-stretch justify-content"><div class="flex flex-grow-1 mb3"><div><span class="black inline-flex"><i class="ld ld-StarFill" style="font-size: 12px; vertical-align: -0.175em;" aria-hidden="true"></i><i class="ld ld-StarFill" style="font-size: 12px; vertical-align: -0.175em;" aria-hidden="true"></i><i class="ld ld-StarFill" style="font-size: 12px; vertical-align: -0.175em;" aria-hidden="true"></i><i class="ld ld-StarFill" style="font-size: 12px; vertical-align: -0.175em;" aria-hidden="true"></i><i class="ld ld-StarFill" style="font-size: 12px; vertical-align: -0.175em;" aria-hidden="true"></i></span><span class="w_AM">5 out of 5 stars review</span></div><div class="pl2 green b f7 self-center">Verified Purchaser</div></div><div><div class="f7 gray">2/8/2021</div></div></div><div class="f6 mid-gray lh-copy"><div class="f5 mb2 mt3"><span class="b w_AJ" style="-webkit-line-clamp: 1; padding-bottom: 0em; margin-bottom: 0em;">Yummy flavor.</span></div><span class="tc-m db-m"><span class="tl-m db-m">Great snack.  I love when I have a fresh fluffy bag.  The perfect amount of salty flavor.</span></span></div><div class="flex items-stretch justify-content pt3"><div class="flex flex-grow-1"><div class="f6 gray pr2 ">Stephanie</div><div class="f7 self-center"><span class="w_EN w_EV w_EX"></span></div></div></div></div></div></div></li><li class="dib w-100 mb3" style="transform: translate3d(0px, 0px, 0px);"><div role="button" aria-label="review  card" tabindex="0" class="pa0 ma0 bn bg-white b--white br0 tl sans-serif"><div class="w_Z w_c h-100"><div class="w_b"><div class="flex items-stretch justify-content"><div class="flex flex-grow-1 mb3"><div><span class="black inline-flex"><i class="ld ld-StarFill" style="font-size: 12px; vertical-align: -0.175em;" aria-hidden="true"></i><i class="ld ld-StarFill" style="font-size: 12px; vertical-align: -0.175em;" aria-hidden="true"></i><i class="ld ld-StarFill" style="font-size: 12px; vertical-align: -0.175em;" aria-hidden="true"></i><i class="ld ld-StarFill" style="font-size: 12px; vertical-align: -0.175em;" aria-hidden="true"></i><i class="ld ld-StarFill" style="font-size: 12px; vertical-align: -0.175em;" aria-hidden="true"></i></span><span class="w_AM">5 out of 5 stars review</span></div><div class="pl2 green b f7 self-center">Verified Purchaser</div></div><div><div class="f7 gray">1/27/2021</div></div></div><div class="f6 mid-gray lh-copy"><div class="f5 mb2 mt3"><span class="b w_AJ" style="-webkit-line-clamp: 1; padding-bottom: 0em; margin-bottom: 0em;">Crammed into a small box</span></div><span class="tc-m db-m"><span class="tl-m db-m">Love the chips but they shipped them in a small box all broken up when arrived. But was edible.</span></span></div><div class="flex items-stretch justify-content pt3"><div class="flex flex-grow-1"><div class="f6 gray pr2 ">bluecaddy85</div><div class="f7 self-center"><span class="w_EN w_EV w_EX"></span></div></div></div></div></div></div></li><li class="dib w-100 mb3" style="transform: translate3d(0px, 0px, 0px);"><div role="button" aria-label="review  card" tabindex="0" class="pa0 ma0 bn bg-white b--white br0 tl sans-serif"><div class="w_Z w_c h-100"><div class="w_b"><div class="flex items-stretch justify-content"><div class="flex flex-grow-1 mb3"><div><span class="black inline-flex"><i class="ld ld-StarFill" style="font-size: 12px; vertical-align: -0.175em;" aria-hidden="true"></i><i class="ld ld-Star" style="font-size: 12px; vertical-align: -0.175em;" aria-hidden="true"></i><i class="ld ld-Star" style="font-size: 12px; vertical-align: -0.175em;" aria-hidden="true"></i><i class="ld ld-Star" style="font-size: 12px; vertical-align: -0.175em;" aria-hidden="true"></i><i class="ld ld-Star" style="font-size: 12px; vertical-align: -0.175em;" aria-hidden="true"></i></span><span class="w_AM">1 out of 5 stars review</span></div><div class="pl2 green b f7 self-center">Verified Purchaser</div></div><div><div class="f7 gray">1/21/2022</div></div></div><div class="f6 mid-gray lh-copy"><div class="f5 mb2 mt3"><span class="b w_AJ" style="-webkit-line-clamp: 1; padding-bottom: 0em; margin-bottom: 0em;"></span></div><span class="tc-m db-m"><span class="tl-m db-m">This bag of chips was nothing but pieces. We have always purchased Lays and never had a bag of pieces like this. 4.48 seems like a lot for something like this.</span></span></div><div class="flex items-stretch justify-content pt3"><div class="flex flex-grow-1"><div class="f6 gray pr2 ">Dale</div><div class="f7 self-center"><span class="w_EN w_EV w_EX"></span></div></div></div></div></div></div></li><li class="dib w-100 mb3" style="transform: translate3d(0px, 0px, 0px);"><div role="button" aria-label="review  card" tabindex="0" class="pa0 ma0 bn bg-white b--white br0 tl sans-serif"><div class="w_Z w_c h-100"><div class="w_b"><div class="flex items-stretch justify-content"><div class="flex flex-grow-1 mb3"><div><span class="black inline-flex"><i class="ld ld-StarFill" style="font-size: 12px; vertical-align: -0.175em;" aria-hidden="true"></i><i class="ld ld-Star" style="font-size: 12px; vertical-align: -0.175em;" aria-hidden="true"></i><i class="ld ld-Star" style="font-size: 12px; vertical-align: -0.175em;" aria-hidden="true"></i><i class="ld ld-Star" style="font-size: 12px; vertical-align: -0.175em;" aria-hidden="true"></i><i class="ld ld-Star" style="font-size: 12px; vertical-align: -0.175em;" aria-hidden="true"></i></span><span class="w_AM">1 out of 5 stars review</span></div><div class="pl2 green b f7 self-center">Verified Purchaser</div></div><div><div class="f7 gray">2/21/2021</div></div></div><div class="f6 mid-gray lh-copy"><div class="f5 mb2 mt3"><span class="b w_AJ" style="-webkit-line-clamp: 1; padding-bottom: 0em; margin-bottom: 0em;">Walmart.com is Inconsiderate</span></div><span class="tc-m db-m"><span class="tl-m db-m">I tried to order flour and juice. also on this order is chips, cheetos, graham crackers, ritz crackers and 2 packs of 300 paper plates.
I HATE ONLINE SHOPPING FOR THIS REASON. BRICK and MORTAR hopefully will never go away. at least with bare shelves you have an option to pick something else. If you can see it and touch it you know you have it.
if you are at the mercy of a company and delivery, they can and will cancel with no consideration. They will also ship 600 paper plates with chips and cheetos. Everyone knows that heavy items can and usually will burst or crush bags.
Hence, be leary of purchasing from Walmart.com.
my only option was wait another 10 for delivery or get a refund. Wow they really care about customers.</span></span></div><div class="flex items-stretch justify-content pt3"><div class="flex flex-grow-1"><div class="f6 gray pr2 ">Kathy</div><div class="f7 self-center"><span class="w_EN w_EV w_EX"></span></div></div></div></div></div></div></li><li class="dib w-100 mb3" style="transform: translate3d(0px, 0px, 0px);"><div role="button" aria-label="review  card" tabindex="0" class="pa0 ma0 bn bg-white b--white br0 tl sans-serif"><div class="w_Z w_c h-100"><div class="w_b"><div class="flex items-stretch justify-content"><div class="flex flex-grow-1 mb3"><div><span class="black inline-flex"><i class="ld ld-StarFill" style="font-size: 12px; vertical-align: -0.175em;" aria-hidden="true"></i><i class="ld ld-Star" style="font-size: 12px; vertical-align: -0.175em;" aria-hidden="true"></i><i class="ld ld-Star" style="font-size: 12px; vertical-align: -0.175em;" aria-hidden="true"></i><i class="ld ld-Star" style="font-size: 12px; vertical-align: -0.175em;" aria-hidden="true"></i><i class="ld ld-Star" style="font-size: 12px; vertical-align: -0.175em;" aria-hidden="true"></i></span><span class="w_AM">1 out of 5 stars review</span></div><div class="pl2 green b f7 self-center">Verified Purchaser</div></div><div><div class="f7 gray">8/13/2020</div></div></div><div class="f6 mid-gray lh-copy"><div class="f5 mb2 mt3"><span class="b w_AJ" style="-webkit-line-clamp: 1; padding-bottom: 0em; margin-bottom: 0em;">Very Dissatisfied</span></div><span class="tc-m db-m"><span class="tl-m db-m">Bag was broken open and chips were falling out of the box. Other bag was all broken into pieces. Store showed little concern for packing fragile items.</span></span></div><div class="flex items-stretch justify-content pt3"><div class="flex flex-grow-1"><div class="f6 gray pr2 ">Charles</div><div class="f7 self-center"><span class="w_EN w_EV w_EX"></span></div></div></div></div></div></div></li></ul></div></div><div class="mb4 tc"><a class="w_Am dib no-underline ba br-pill pa1 pl3 pr3 items-center b f6 tc" link-identifier="seeAllReviews" href="/reviews/product/677669806">See all reviews</a></div></div></section></main></section> </div></div></div></div></div><div class="h-100 relative"><div data-testid="flex-container" class="flex flex-column h-100"><div class="h-100 relative"><div class="w_CF pa0" id="ITEM-MarqueeDisplayAd-marquee1"><span class="w-100" data-state="3" data-type="placeholder"></span></div> <!-- --><div data-testid="ip-p13n-carousel"><hr aria-hidden="true" class="w_Ah dn-xl"><section><section class="mv3 pt2"><header class="flex justify-between mb3 mb2-m pr3 pr4-m pr0-xl items-baseline"><section><div><div><div class="inline-flex "><h2 class="f4 f3-m lh-title ma0 ">Recommended for you</h2></div><h3 class="f6 gray lh-title ma0 mt2 mt1-m normal">Items that pair well together</h3></div></div></section></header><div class="flex flex-column justify-center relative"><button class="absolute dn z-999 bg-white br-100 pa0 pointer ba hidden-child br-100 ba b--black nav-control left-1" style="top: 100px;" aria-label="Previous slide for Recommended for you list"><i class="ld ld-ChevronLeft" style="font-size: 1.5rem; vertical-align: -0.25em; padding: 12px;"></i></button><ul style="display: grid; grid-auto-flow: column; scroll-snap-type: x mandatory; max-height: fit-content;" class="list ma0 pl0 overflow-x-scroll hidesb hidesb-wk relative overflow-y-hidden carousel-peek-2 spl2 spl4-xl pr3-m carousel-6-xl" data-testid="carousel-container"><li class="flex flex-column items-center pa1 pr2 pb2 pr4" aria-hidden="false" data-slide="0" style="scroll-snap-align: start;"><div data-item-id="15610603" class="sans-serif mid-gray relative flex flex-column w-100 h-100" data-testid="product-tile-0"><a link-identifier="15610603" class="absolute w-100 h-100 z-1" href="/ip/Lunchables-Ham-American-Cheese-Cracker-Stackers-Snack-Kit-with-Chocolate-Sandwich-Cookies-3-4-oz-Tray/15610603?athcpid=15610603&amp;athpgid=AthenaItempage&amp;athcgid=null&amp;athznid=urfu&amp;athieid=v0&amp;athstid=CS020&amp;athguid=00-f44cbc8b0dbd3f944dcec70c750e6505-37378c6d7328cb72-01&amp;athancid=null&amp;athena=true&amp;athbdg=L1600"><span class="w_AM">Lunchables Ham &amp; American Cheese Cracker Stackers Snack Kit with Chocolate Sandwich Cookies, 3.4 oz Tray</span></a><div class="h2 relative mv2"><span class="w_EN w_ET w_EW absolute">Best seller</span></div><div class="relative"><div class="relative overflow-hidden" style="max-width: 186px; height: 186px; padding-bottom: min(186px, 100%); align-self: center; width: 186px;"><img loading="lazy" class="absolute top-0 left-0" data-testid="productTileImage" alt="" src="https://i5.walmartimages.com/asr/83c45b8f-68d1-4d43-ad28-2887ad648fec.374a28430c611034bffe383863807ceb.jpeg?odnHeight=372&amp;odnWidth=372&amp;odnBg=FFFFFF" width="" height=""></div><div class="z-2 absolute bottom--1"><div class="dib relative"><button class="w_6 w_8 w_AD pointer bn bg-blue hover-bg-dark-blue white sans-serif b w-auto ph2 flex items-center justify-center shadow-1" type="button" aria-label="Add to cart - Lunchables Ham &amp; American Cheese Cracker Stackers Snack Kit with Chocolate Sandwich Cookies, 3.4 oz Tray"><i class="ld ld-Plus" style="font-size: 1.5rem; vertical-align: -0.25em;" title="add to cart"></i><span class="mr2">Add</span></button></div></div></div><div class="mt5 mb1" style="height: 24px;" data-testid="variant-15610603"></div><div class="flex flex-wrap justify-start items-center lh-title mb2 mb1-m"><div class="b black f5 mr1 mr2-xl lh-copy f4-l" aria-hidden="true">$1.74</div><span class="w_AM">current price $1.74</span><div class="f7 f6-l gray mr1">51.3 ¢/oz</div></div><span class="w_AJ" style="-webkit-line-clamp: 3; padding-bottom: 0em; margin-bottom: 0em;"><span class="f6 f5-l normal dark-gray mb0 mt1 lh-title">Lunchables Ham &amp; American Cheese Cracker Stackers Snack Kit with Chocolate Sandwich Cookies, 3.4 oz Tray</span></span><div class="mt2 flex items-center"><span class="black inline-flex mr1"><i class="ld ld-StarFill" style="font-size: 12px; vertical-align: -0.175em;" aria-hidden="true"></i><i class="ld ld-StarFill" style="font-size: 12px; vertical-align: -0.175em;" aria-hidden="true"></i><i class="ld ld-StarFill" style="font-size: 12px; vertical-align: -0.175em;" aria-hidden="true"></i><i class="ld ld-StarFill" style="font-size: 12px; vertical-align: -0.175em;" aria-hidden="true"></i><i class="ld ld-StarHalf" style="font-size: 12px; vertical-align: -0.175em;" aria-hidden="true"></i></span><span class="sans-serif gray f7" aria-hidden="true">400</span><span class="w_AM">4.6 out of 5 Stars. 400 reviews</span></div><div class="mt2 mb2"><span class="w_EN w_ET w_EX mr1 mt1 ph1">Pickup</span><span class="w_EN w_ET w_EX mr1 mt1 ph1">Delivery</span></div></div></li><li class="flex flex-column items-center pa1 pr2 pb2 pr4" aria-hidden="false" data-slide="1"><div data-item-id="10292581" class="sans-serif mid-gray relative flex flex-column w-100 h-100" data-testid="product-tile-1"><a link-identifier="10292581" class="absolute w-100 h-100 z-1" href="/ip/Oscar-Mayer-Bologna-Deli-Lunch-Meat-16-oz-Package/10292581?athcpid=10292581&amp;athpgid=AthenaItempage&amp;athcgid=null&amp;athznid=urfu&amp;athieid=v0&amp;athstid=CS020&amp;athguid=00-f44cbc8b0dbd3f944dcec70c750e6505-37378c6d7328cb72-01&amp;athancid=null&amp;athena=true&amp;athbdg=L1600"><span class="w_AM">Oscar Mayer Bologna Deli Lunch Meat, 16 oz Package</span></a><div class="h2 relative mv2"><span class="w_EN w_ET w_EW absolute">Best seller</span></div><div class="relative"><div class="relative overflow-hidden" style="max-width: 186px; height: 186px; padding-bottom: min(186px, 100%); align-self: center; width: 186px;"><img loading="lazy" srcset="https://i5.walmartimages.com/asr/6352b8dc-82e3-4262-976e-37f8ddbb2f20.9a5423fd5d24500026c9846f54d5b671.jpeg?odnHeight=186&amp;odnWidth=186&amp;odnBg=FFFFFF 1x, https://i5.walmartimages.com/asr/6352b8dc-82e3-4262-976e-37f8ddbb2f20.9a5423fd5d24500026c9846f54d5b671.jpeg?odnHeight=372&amp;odnWidth=372&amp;odnBg=FFFFFF 2x" class="absolute top-0 left-0" data-testid="productTileImage" alt="" src="https://i5.walmartimages.com/asr/6352b8dc-82e3-4262-976e-37f8ddbb2f20.9a5423fd5d24500026c9846f54d5b671.jpeg?odnHeight=372&amp;odnWidth=372&amp;odnBg=FFFFFF" width="" height=""></div><div class="z-2 absolute bottom--1"><div class="dib relative"><button class="w_6 w_8 w_AD pointer bn bg-blue hover-bg-dark-blue white sans-serif b w-auto ph2 flex items-center justify-center shadow-1" type="button" aria-label="Add to cart - Oscar Mayer Bologna Deli Lunch Meat, 16 oz Package"><i class="ld ld-Plus" style="font-size: 1.5rem; vertical-align: -0.25em;" title="add to cart"></i><span class="mr2">Add</span></button></div></div></div><div class="mt5 mb1" style="height: 24px;" data-testid="variant-10292581"></div><div class="flex flex-wrap justify-start items-center lh-title mb2 mb1-m"><div class="b black f5 mr1 mr2-xl lh-copy f4-l" aria-hidden="true">$2.56</div><span class="w_AM">current price $2.56</span><div class="f7 f6-l gray mr1">16.0 ¢/oz</div></div><span class="w_AJ" style="-webkit-line-clamp: 3; padding-bottom: 0em; margin-bottom: 0em;"><span class="f6 f5-l normal dark-gray mb0 mt1 lh-title">Oscar Mayer Bologna Deli Lunch Meat, 16 oz Package</span></span><div class="mt2 mb2"><span class="w_EN w_ET w_EX mr1 mt1 ph1">Pickup</span><span class="w_EN w_ET w_EX mr1 mt1 ph1">Delivery</span></div></div></li><li class="flex flex-column items-center pa1 pr2 pb2 pr4" aria-hidden="false" data-slide="2"><div data-item-id="37858875" class="sans-serif mid-gray relative flex flex-column w-100 h-100" data-testid="product-tile-2"><a link-identifier="37858875" class="absolute w-100 h-100 z-1" href="/ip/Wonder-Bread-Classic-White-Sandwich-Bread-Sliced-White-Bread-20-oz-Loaf/37858875?athcpid=37858875&amp;athpgid=AthenaItempage&amp;athcgid=null&amp;athznid=urfu&amp;athieid=v0&amp;athstid=CS020&amp;athguid=00-f44cbc8b0dbd3f944dcec70c750e6505-37378c6d7328cb72-01&amp;athancid=null&amp;athena=true"><span class="w_AM">Wonder Bread Classic White Sandwich Bread, Sliced White Bread, 20 oz Loaf</span></a><div class="h2 relative mv2"></div><div class="relative"><div class="relative overflow-hidden" style="max-width: 186px; height: 186px; padding-bottom: min(186px, 100%); align-self: center; width: 186px;"><img loading="lazy" srcset="https://i5.walmartimages.com/asr/69bce12f-a746-45bc-b4a1-1ecc178ecffc.cdfc84f125fad5db2fa890eed723ae76.jpeg?odnHeight=186&amp;odnWidth=186&amp;odnBg=FFFFFF 1x, https://i5.walmartimages.com/asr/69bce12f-a746-45bc-b4a1-1ecc178ecffc.cdfc84f125fad5db2fa890eed723ae76.jpeg?odnHeight=372&amp;odnWidth=372&amp;odnBg=FFFFFF 2x" class="absolute top-0 left-0" data-testid="productTileImage" alt="" src="https://i5.walmartimages.com/asr/69bce12f-a746-45bc-b4a1-1ecc178ecffc.cdfc84f125fad5db2fa890eed723ae76.jpeg?odnHeight=372&amp;odnWidth=372&amp;odnBg=FFFFFF" width="" height=""></div><div class="z-2 absolute bottom--1"><div class="dib relative"><button class="w_6 w_8 w_AD pointer bn bg-blue hover-bg-dark-blue white sans-serif b w-auto ph2 flex items-center justify-center shadow-1" type="button" aria-label="Add to cart - Wonder Bread Classic White Sandwich Bread, Sliced White Bread, 20 oz Loaf"><i class="ld ld-Plus" style="font-size: 1.5rem; vertical-align: -0.25em;" title="add to cart"></i><span class="mr2">Add</span></button></div></div></div><div class="mt5 mb1" style="height: 24px;" data-testid="variant-37858875"></div><div class="flex flex-wrap justify-start items-center lh-title mb2 mb1-m"><div class="b black f5 mr1 mr2-xl lh-copy f4-l" aria-hidden="true">$2.48</div><span class="w_AM">current price $2.48</span><div class="f7 f6-l gray mr1">12.4 ¢/oz</div></div><span class="w_AJ" style="-webkit-line-clamp: 3; padding-bottom: 0em; margin-bottom: 0em;"><span class="f6 f5-l normal dark-gray mb0 mt1 lh-title">Wonder Bread Classic White Sandwich Bread, Sliced White Bread, 20 oz Loaf</span></span><div class="mt2 flex items-center"><span class="black inline-flex mr1"><i class="ld ld-StarFill" style="font-size: 12px; vertical-align: -0.175em;" aria-hidden="true"></i><i class="ld ld-StarFill" style="font-size: 12px; vertical-align: -0.175em;" aria-hidden="true"></i><i class="ld ld-StarFill" style="font-size: 12px; vertical-align: -0.175em;" aria-hidden="true"></i><i class="ld ld-StarHalf" style="font-size: 12px; vertical-align: -0.175em;" aria-hidden="true"></i><i class="ld ld-Star" style="font-size: 12px; vertical-align: -0.175em;" aria-hidden="true"></i></span><span class="sans-serif gray f7" aria-hidden="true">248</span><span class="w_AM">3.7 out of 5 Stars. 248 reviews</span></div><div class="mt2 mb2"><span class="w_EN w_ET w_EX mr1 mt1 ph1">Pickup</span><span class="w_EN w_ET w_EX mr1 mt1 ph1">Delivery</span></div></div></li><li class="flex flex-column items-center pa1 pr2 pb2 pr4" aria-hidden="false" data-slide="3"><div data-item-id="533646542" class="sans-serif mid-gray relative flex flex-column w-100 h-100" data-testid="product-tile-3"><a link-identifier="533646542" class="absolute w-100 h-100 z-1" href="/ip/Tropicana-Pure-Premium-Original-No-Pulp-100-Orange-Juice-52-oz-Bottle/533646542?athcpid=533646542&amp;athpgid=AthenaItempage&amp;athcgid=null&amp;athznid=urfu&amp;athieid=v0&amp;athstid=CS020&amp;athguid=00-f44cbc8b0dbd3f944dcec70c750e6505-37378c6d7328cb72-01&amp;athancid=null&amp;athena=true"><span class="w_AM">Tropicana Pure Premium, Original No Pulp 100% Orange Juice, 52 oz Bottle</span></a><div class="h2 relative mv2"></div><div class="relative"><div class="relative overflow-hidden" style="max-width: 186px; height: 186px; padding-bottom: min(186px, 100%); align-self: center; width: 186px;"><img loading="lazy" srcset="https://i5.walmartimages.com/asr/84286fbe-2113-41d8-91d6-47809f0e14ca.97c2579fcca13194dc2cead1bf054a1a.jpeg?odnHeight=186&amp;odnWidth=186&amp;odnBg=FFFFFF 1x, https://i5.walmartimages.com/asr/84286fbe-2113-41d8-91d6-47809f0e14ca.97c2579fcca13194dc2cead1bf054a1a.jpeg?odnHeight=372&amp;odnWidth=372&amp;odnBg=FFFFFF 2x" class="absolute top-0 left-0" data-testid="productTileImage" alt="" src="https://i5.walmartimages.com/asr/84286fbe-2113-41d8-91d6-47809f0e14ca.97c2579fcca13194dc2cead1bf054a1a.jpeg?odnHeight=372&amp;odnWidth=372&amp;odnBg=FFFFFF" width="" height=""></div><div class="z-2 absolute bottom--1"><div class="dib relative"><button class="w_6 w_8 w_AD pointer bn bg-blue hover-bg-dark-blue white sans-serif b w-auto ph2 flex items-center justify-center shadow-1" type="button" aria-label="Add to cart - Tropicana Pure Premium, Original No Pulp 100% Orange Juice, 52 oz Bottle"><i class="ld ld-Plus" style="font-size: 1.5rem; vertical-align: -0.25em;" title="add to cart"></i><span class="mr2">Add</span></button></div></div></div><div class="mt5 mb1" style="height: 24px;" data-testid="variant-533646542"></div><div class="flex flex-wrap justify-start items-center lh-title mb2 mb1-m"><div class="b black f5 mr1 mr2-xl lh-copy f4-l" aria-hidden="true">$3.68</div><span class="w_AM">current price $3.68</span><div class="f7 f6-l gray mr1">7.1 ¢/fl oz</div></div><span class="w_AJ" style="-webkit-line-clamp: 3; padding-bottom: 0em; margin-bottom: 0em;"><span class="f6 f5-l normal dark-gray mb0 mt1 lh-title">Tropicana Pure Premium, Original No Pulp 100% Orange Juice, 52 oz Bottle</span></span><div class="mt2 flex items-center"><span class="black inline-flex mr1"><i class="ld ld-StarFill" style="font-size: 12px; vertical-align: -0.175em;" aria-hidden="true"></i><i class="ld ld-StarFill" style="font-size: 12px; vertical-align: -0.175em;" aria-hidden="true"></i><i class="ld ld-StarFill" style="font-size: 12px; vertical-align: -0.175em;" aria-hidden="true"></i><i class="ld ld-StarFill" style="font-size: 12px; vertical-align: -0.175em;" aria-hidden="true"></i><i class="ld ld-StarHalf" style="font-size: 12px; vertical-align: -0.175em;" aria-hidden="true"></i></span><span class="sans-serif gray f7" aria-hidden="true">315</span><span class="w_AM">4.5 out of 5 Stars. 315 reviews</span></div><div class="mt2 mb2"><span class="w_EN w_ET w_EX mr1 mt1 ph1">Pickup</span><span class="w_EN w_ET w_EX mr1 mt1 ph1">Delivery</span></div></div></li><li class="flex flex-column items-center pa1 pr2 pb2 pr4" aria-hidden="false" data-slide="4"><div data-item-id="10452423" class="sans-serif mid-gray relative flex flex-column w-100 h-100" data-testid="product-tile-4"><a link-identifier="10452423" class="absolute w-100 h-100 z-1" href="/ip/Great-Value-Singles-American-Pasteurized-Prepared-Cheese-Product-24-count-16-oz/10452423?athcpid=10452423&amp;athpgid=AthenaItempage&amp;athcgid=null&amp;athznid=urfu&amp;athieid=v0&amp;athstid=CS020&amp;athguid=00-f44cbc8b0dbd3f944dcec70c750e6505-37378c6d7328cb72-01&amp;athancid=null&amp;athena=true"><span class="w_AM">Great Value Singles American Pasteurized Prepared Cheese Product, 24 count, 16 oz</span></a><div class="h2 relative mv2"></div><div class="relative"><div class="relative overflow-hidden" style="max-width: 186px; height: 186px; padding-bottom: min(186px, 100%); align-self: center; width: 186px;"><img loading="lazy" srcset="https://i5.walmartimages.com/asr/26b8d354-4b39-41ec-84ad-17c09690b628_1.340d6d873c1bab78d1e7857d20d2d476.jpeg?odnHeight=186&amp;odnWidth=186&amp;odnBg=FFFFFF 1x, https://i5.walmartimages.com/asr/26b8d354-4b39-41ec-84ad-17c09690b628_1.340d6d873c1bab78d1e7857d20d2d476.jpeg?odnHeight=372&amp;odnWidth=372&amp;odnBg=FFFFFF 2x" class="absolute top-0 left-0" data-testid="productTileImage" alt="" src="https://i5.walmartimages.com/asr/26b8d354-4b39-41ec-84ad-17c09690b628_1.340d6d873c1bab78d1e7857d20d2d476.jpeg?odnHeight=372&amp;odnWidth=372&amp;odnBg=FFFFFF" width="" height=""></div><div class="z-2 absolute bottom--1"><div class="dib relative"><button class="w_6 w_8 w_AD pointer bn bg-blue hover-bg-dark-blue white sans-serif b w-auto ph2 flex items-center justify-center shadow-1" type="button" aria-label="Add to cart - Great Value Singles American Pasteurized Prepared Cheese Product, 24 count, 16 oz"><i class="ld ld-Plus" style="font-size: 1.5rem; vertical-align: -0.25em;" title="add to cart"></i><span class="mr2">Add</span></button></div></div></div><div class="mt5 mb1" style="height: 24px;" data-testid="variant-10452423"></div><div class="flex flex-wrap justify-start items-center lh-title mb2 mb1-m"><div class="b black f5 mr1 mr2-xl lh-copy f4-l" aria-hidden="true">$1.97</div><span class="w_AM">current price $1.97</span><div class="f7 f6-l gray mr1">12.3 ¢/oz</div></div><span class="w_AJ" style="-webkit-line-clamp: 3; padding-bottom: 0em; margin-bottom: 0em;"><span class="f6 f5-l normal dark-gray mb0 mt1 lh-title">Great Value Singles American Pasteurized Prepared Cheese Product, 24 count, 16 oz</span></span><div class="mt2 flex items-center"><span class="black inline-flex mr1"><i class="ld ld-StarFill" style="font-size: 12px; vertical-align: -0.175em;" aria-hidden="true"></i><i class="ld ld-StarFill" style="font-size: 12px; vertical-align: -0.175em;" aria-hidden="true"></i><i class="ld ld-StarFill" style="font-size: 12px; vertical-align: -0.175em;" aria-hidden="true"></i><i class="ld ld-StarFill" style="font-size: 12px; vertical-align: -0.175em;" aria-hidden="true"></i><i class="ld ld-StarHalf" style="font-size: 12px; vertical-align: -0.175em;" aria-hidden="true"></i></span><span class="sans-serif gray f7" aria-hidden="true">621</span><span class="w_AM">4.4 out of 5 Stars. 621 reviews</span></div><div class="mt2 mb2"><span class="w_EN w_ET w_EX mr1 mt1 ph1">Pickup</span><span class="w_EN w_ET w_EX mr1 mt1 ph1">Delivery</span></div></div></li><li class="flex flex-column items-center pa1 pr2 pb2 pr4" aria-hidden="false" data-slide="5"><div data-item-id="898976790" class="sans-serif mid-gray relative flex flex-column w-100 h-100" data-testid="product-tile-5"><a link-identifier="898976790" class="absolute w-100 h-100 z-1" href="/ip/Marie-Callender-s-Chicken-Pot-Pie-Large-Size-15-oz/898976790?athcpid=898976790&amp;athpgid=AthenaItempage&amp;athcgid=null&amp;athznid=urfu&amp;athieid=v0&amp;athstid=CS020&amp;athguid=00-f44cbc8b0dbd3f944dcec70c750e6505-37378c6d7328cb72-01&amp;athancid=null&amp;athena=true"><span class="w_AM">Marie Callender's Chicken Pot Pie Large Size, 15 oz</span></a><div class="h2 relative mv2"></div><div class="relative"><div class="relative overflow-hidden" style="max-width: 186px; height: 186px; padding-bottom: min(186px, 100%); align-self: center; width: 186px;"><img loading="lazy" srcset="https://i5.walmartimages.com/asr/30740f85-c5a3-48fa-b6f5-8c07111d2b1f_1.388ed8997213a9d15e673ea9d78d967c.jpeg?odnHeight=186&amp;odnWidth=186&amp;odnBg=FFFFFF 1x, https://i5.walmartimages.com/asr/30740f85-c5a3-48fa-b6f5-8c07111d2b1f_1.388ed8997213a9d15e673ea9d78d967c.jpeg?odnHeight=372&amp;odnWidth=372&amp;odnBg=FFFFFF 2x" class="absolute top-0 left-0" data-testid="productTileImage" alt="" src="https://i5.walmartimages.com/asr/30740f85-c5a3-48fa-b6f5-8c07111d2b1f_1.388ed8997213a9d15e673ea9d78d967c.jpeg?odnHeight=372&amp;odnWidth=372&amp;odnBg=FFFFFF" width="" height=""></div><div class="z-2 absolute bottom--1"><div class="dib relative"><button class="w_6 w_8 w_AD pointer bn bg-blue hover-bg-dark-blue white sans-serif b w-auto ph2 flex items-center justify-center shadow-1" type="button" aria-label="Add to cart - Marie Callender's Chicken Pot Pie Large Size, 15 oz"><i class="ld ld-Plus" style="font-size: 1.5rem; vertical-align: -0.25em;" title="add to cart"></i><span class="mr2">Add</span></button></div></div></div><div class="mt5 mb1" style="height: 24px;" data-testid="variant-898976790"></div><div class="flex flex-wrap justify-start items-center lh-title mb2 mb1-m"><div class="b black f5 mr1 mr2-xl lh-copy f4-l" aria-hidden="true">$2.98</div><span class="w_AM">current price $2.98</span><div class="f7 f6-l gray mr1">19.9 ¢/oz</div></div><span class="w_AJ" style="-webkit-line-clamp: 3; padding-bottom: 0em; margin-bottom: 0em;"><span class="f6 f5-l normal dark-gray mb0 mt1 lh-title">Marie Callender's Chicken Pot Pie Large Size, 15 oz</span></span><div class="mt2 flex items-center"><span class="black inline-flex mr1"><i class="ld ld-StarFill" style="font-size: 12px; vertical-align: -0.175em;" aria-hidden="true"></i><i class="ld ld-StarFill" style="font-size: 12px; vertical-align: -0.175em;" aria-hidden="true"></i><i class="ld ld-StarFill" style="font-size: 12px; vertical-align: -0.175em;" aria-hidden="true"></i><i class="ld ld-StarFill" style="font-size: 12px; vertical-align: -0.175em;" aria-hidden="true"></i><i class="ld ld-Star" style="font-size: 12px; vertical-align: -0.175em;" aria-hidden="true"></i></span><span class="sans-serif gray f7" aria-hidden="true">5268</span><span class="w_AM">4 out of 5 Stars. 5268 reviews</span></div><div class="mt2 mb2"><span class="w_EN w_ET w_EX mr1 mt1 ph1">Pickup</span><span class="w_EN w_ET w_EX mr1 mt1 ph1">Delivery</span></div></div></li></ul><button class="absolute dn z-999 bg-white br-100 pa0 pointer ba br-100 ba b--black nav-control right-1" style="top: 100px;" aria-label="Next slide for Recommended for you list"><i class="ld ld-ChevronRight" style="font-size: 1.5rem; vertical-align: -0.25em; padding: 12px;"></i></button></div></section></section></div> <!-- --><div class="w_CF pa0" id="ITEM-SponsoredProductCarousel-bottom"><div class="mv3 mv4-xl mh0-xl" data-testid="sp"><section><section><header class="flex justify-between mb3 mb2-m pr3 pr4-m pr0-xl items-baseline"><section><div><div><div class="inline-flex "><h2 class="f4 f3-m lh-title ma0 ">More items to explore</h2></div></div></div></section><span class="w_DM gray w_DO w_DR">Sponsored</span></header><div class="flex flex-column justify-center relative"><button class="absolute dn z-999 bg-white br-100 pa0 pointer ba hidden-child br-100 ba b--black nav-control left-1" style="top: 100px;" aria-label="Previous slide for More items to explore list"><i class="ld ld-ChevronLeft" style="font-size: 1.5rem; vertical-align: -0.25em; padding: 12px;"></i></button><ul style="display: grid; grid-auto-flow: column; scroll-snap-type: x mandatory; max-height: fit-content;" class="list ma0 pl0 overflow-x-scroll hidesb hidesb-wk relative overflow-y-hidden carousel-peek-2 spl2 spl4-xl carousel-6-l carousel-3-m pr3-m" data-testid="carousel-container"><li class="flex flex-column items-center pa1 pr2 pb2 pr4" aria-hidden="false" data-slide="0" style="scroll-snap-align: start;"><div data-item-id="314119702" data-ad-component-type="wpa-tile" class="sans-serif mid-gray relative flex flex-column w-100 h-100" data-testid="product-tile-0"><a link-identifier="314119702" href="https://wrd.walmart.com/track?bt=1&amp;eventST=click&amp;plmt=sp-item-bottom~desktop~&amp;pos=1&amp;tax=976759_976787_1001390_5517955&amp;rdf=1&amp;rd=https%3A%2F%2Fwww.walmart.com%2Fip%2F%2F314119702&amp;adUid=2fb9797b-3ee4-4402-b6c4-83465804a280&amp;mloc=sp-item-bottom&amp;pltfm=desktop&amp;pgId=677669806&amp;pt=item&amp;spQs=l0d5R5ikD1J5LntP2xJYj3AZclqQnrrPtxs-J0J__Hrr_ezpIAMRkC2x7PC2yYWo4a_E3AKb4gujtBshYEfA10gdDj_UlggclQ5HJDNDvvWFcgLXt3LL8s7DynT8LRu6m6NWQa_iJHhTIgJz6KwURAy5OrFbAXNpGFAW9ZvHUto&amp;storeId=3081&amp;bkt=2246" class="absolute w-100 h-100 z-1"><span class="w_AM">HIPPEAS Organic, Vegan White Cheddar Chickpea Puffs, 1 oz, 6 Count</span></a><div class="h2 relative mv2"></div><div class="relative"><div class="relative overflow-hidden" style="max-width: 186px; height: 186px; padding-bottom: min(186px, 100%); align-self: center; width: 186px;"><img loading="lazy" class="absolute top-0 left-0" data-testid="productTileImage" alt="" src="https://i5.walmartimages.com/asr/683b1024-441e-45b7-a86e-d98b3871d459.1b353a10fc7b16db38ad7b27248f01f4.jpeg?odnHeight=372&amp;odnWidth=372&amp;odnBg=FFFFFF" width="" height=""></div><div class="z-2 absolute bottom--1"><div class="dib relative"><button class="w_6 w_8 w_AD pointer bn bg-blue hover-bg-dark-blue white sans-serif b w-auto ph2 flex items-center justify-center shadow-1" type="button" aria-label="Add to cart - HIPPEAS Organic, Vegan White Cheddar Chickpea Puffs, 1 oz, 6 Count"><i class="ld ld-Plus" style="font-size: 1.5rem; vertical-align: -0.25em;" title="add to cart"></i><span class="mr2">Add</span></button></div></div></div><div class="mt5 mb1" style="height: 24px;" data-testid="variant-314119702"></div><div class="flex flex-wrap justify-start items-center lh-title mb2 mb1-m"><div class="b black f5 mr1 mr2-xl lh-copy f4-l" aria-hidden="true">$6.99</div><span class="w_AM">current price $6.99</span><div class="f7 f6-l strike gray mr3" aria-hidden="true">$7.99</div><span class="w_AM">was $7.99</span><div class="f7 f6-l gray mr1">$1.17/oz</div></div><span class="w_AJ" style="-webkit-line-clamp: 3; padding-bottom: 0em; margin-bottom: 0em;"><span class="f6 f5-l normal dark-gray mb0 mt1 lh-title">HIPPEAS Organic, Vegan White Cheddar Chickpea Puffs, 1 oz, 6 Count</span></span><div class="mt2 flex items-center"><span class="black inline-flex mr1"><i class="ld ld-StarFill" style="font-size: 12px; vertical-align: -0.175em;" aria-hidden="true"></i><i class="ld ld-StarFill" style="font-size: 12px; vertical-align: -0.175em;" aria-hidden="true"></i><i class="ld ld-StarFill" style="font-size: 12px; vertical-align: -0.175em;" aria-hidden="true"></i><i class="ld ld-StarFill" style="font-size: 12px; vertical-align: -0.175em;" aria-hidden="true"></i><i class="ld ld-StarFill" style="font-size: 12px; vertical-align: -0.175em;" aria-hidden="true"></i></span><span class="sans-serif gray f7" aria-hidden="true">20</span><span class="w_AM">5 out of 5 Stars. 20 reviews</span></div><div class="mt2 mb2"><span class="w_EN w_ET w_EX mr1 mt1 ph1">1-day shipping</span></div></div></li><li class="flex flex-column items-center pa1 pr2 pb2 pr4" aria-hidden="false" data-slide="1"><div data-item-id="47905681" data-ad-component-type="wpa-tile" class="sans-serif mid-gray relative flex flex-column w-100 h-100" data-testid="product-tile-1"><a link-identifier="47905681" href="https://wrd.walmart.com/track?bt=1&amp;eventST=click&amp;plmt=sp-item-bottom~desktop~&amp;pos=2&amp;tax=976759_976787_1001390_5517955&amp;rdf=1&amp;rd=https%3A%2F%2Fwww.walmart.com%2Fip%2F%2F47905681&amp;adUid=2fb9797b-3ee4-4402-b6c4-83465804a280&amp;mloc=sp-item-bottom&amp;pltfm=desktop&amp;pgId=677669806&amp;pt=item&amp;spQs=fm0EmRDKVMuoG1mASCN_PL8W0IFT28S_DT56n1Ge8Pzl7Vdo4qqaTD81C-0k7T7y63xW56KjDxwQMxNRdOSRyHDZUiIQUNQAugYCUF4ZwAFjLGOZ8k74fvX0mpZM4QDQ_Sfehb_HSmDqyeNTWAMY-n8onwzHJsogATovH5XE8Nc&amp;storeId=3081&amp;bkt=2246" class="absolute w-100 h-100 z-1"><span class="w_AM">Gardetto's Snack Mix, Roasted Garlic Rye Chips, 14 oz</span></a><div class="h2 relative mv2"></div><div class="relative"><div class="relative overflow-hidden" style="max-width: 186px; height: 186px; padding-bottom: min(186px, 100%); align-self: center; width: 186px;"><img loading="lazy" srcset="https://i5.walmartimages.com/asr/0a4906aa-ce77-408e-be0d-0e96dc24d45b.3f24411ada492b002b2af01d57a559b8.jpeg?odnHeight=186&amp;odnWidth=186&amp;odnBg=FFFFFF 1x, https://i5.walmartimages.com/asr/0a4906aa-ce77-408e-be0d-0e96dc24d45b.3f24411ada492b002b2af01d57a559b8.jpeg?odnHeight=372&amp;odnWidth=372&amp;odnBg=FFFFFF 2x" class="absolute top-0 left-0" data-testid="productTileImage" alt="" src="https://i5.walmartimages.com/asr/0a4906aa-ce77-408e-be0d-0e96dc24d45b.3f24411ada492b002b2af01d57a559b8.jpeg?odnHeight=372&amp;odnWidth=372&amp;odnBg=FFFFFF" width="" height=""></div><div class="z-2 absolute bottom--1"><div class="dib relative"><button class="w_6 w_8 w_AD pointer bn bg-blue hover-bg-dark-blue white sans-serif b w-auto ph2 flex items-center justify-center shadow-1" type="button" aria-label="Add to cart - Gardetto's Snack Mix, Roasted Garlic Rye Chips, 14 oz"><i class="ld ld-Plus" style="font-size: 1.5rem; vertical-align: -0.25em;" title="add to cart"></i><span class="mr2">Add</span></button></div></div></div><div class="mt5 mb1" style="height: 24px;" data-testid="variant-47905681"></div><div class="flex flex-wrap justify-start items-center lh-title mb2 mb1-m"><div class="b black f5 mr1 mr2-xl lh-copy f4-l" aria-hidden="true">$3.53</div><span class="w_AM">current price $3.53</span><div class="f7 f6-l gray mr1">25.2 ¢/oz</div></div><span class="w_AJ" style="-webkit-line-clamp: 3; padding-bottom: 0em; margin-bottom: 0em;"><span class="f6 f5-l normal dark-gray mb0 mt1 lh-title">Gardetto's Snack Mix, Roasted Garlic Rye Chips, 14 oz</span></span><div class="mt2 flex items-center"><span class="black inline-flex mr1"><i class="ld ld-StarFill" style="font-size: 12px; vertical-align: -0.175em;" aria-hidden="true"></i><i class="ld ld-StarFill" style="font-size: 12px; vertical-align: -0.175em;" aria-hidden="true"></i><i class="ld ld-StarFill" style="font-size: 12px; vertical-align: -0.175em;" aria-hidden="true"></i><i class="ld ld-StarFill" style="font-size: 12px; vertical-align: -0.175em;" aria-hidden="true"></i><i class="ld ld-StarHalf" style="font-size: 12px; vertical-align: -0.175em;" aria-hidden="true"></i></span><span class="sans-serif gray f7" aria-hidden="true">459</span><span class="w_AM">4.5 out of 5 Stars. 459 reviews</span></div><div class="mt2 mb2"><span class="w_EN w_ET w_EX mr1 mt1 ph1">Pickup</span><span class="w_EN w_ET w_EX mr1 mt1 ph1">Delivery</span><span class="w_EN w_ET w_EX mr1 mt1 ph1">3+ day shipping</span></div></div></li><li class="flex flex-column items-center pa1 pr2 pb2 pr4" aria-hidden="false" data-slide="2"><div data-item-id="39360123" data-ad-component-type="wpa-tile" class="sans-serif mid-gray relative flex flex-column w-100 h-100" data-testid="product-tile-2"><a link-identifier="39360123" href="https://wrd.walmart.com/track?bt=1&amp;eventST=click&amp;plmt=sp-item-bottom~desktop~&amp;pos=3&amp;tax=976759_976787_1001390_5517955&amp;rdf=1&amp;rd=https%3A%2F%2Fwww.walmart.com%2Fip%2F%2F39360123&amp;adUid=2fb9797b-3ee4-4402-b6c4-83465804a280&amp;mloc=sp-item-bottom&amp;pltfm=desktop&amp;pgId=677669806&amp;pt=item&amp;spQs=sfIp7AGizFA_47YOeIXrB78W0IFT28S_DT56n1Ge8Pzl7Vdo4qqaTD81C-0k7T7y63xW56KjDxwQMxNRdOSRyHDZUiIQUNQAugYCUF4ZwAFjLGOZ8k74fvX0mpZM4QDQDtokPT9A-TtxssufSZ1BBrkB_pwo6WBHspDxvzBi8Fc&amp;storeId=3081&amp;bkt=2246" class="absolute w-100 h-100 z-1"><span class="w_AM">Bugles Crispy Corn Snacks, Nacho Cheese, Family Size Snack Bag, 14.5 oz</span></a><div class="h2 relative mv2"></div><div class="relative"><div class="relative overflow-hidden" style="max-width: 186px; height: 186px; padding-bottom: min(186px, 100%); align-self: center; width: 186px;"><img loading="lazy" srcset="https://i5.walmartimages.com/asr/c876b426-ab90-41c6-a16d-cd90c54451a2.96e27943e75178df402e02fb2d0e70ba.jpeg?odnHeight=186&amp;odnWidth=186&amp;odnBg=FFFFFF 1x, https://i5.walmartimages.com/asr/c876b426-ab90-41c6-a16d-cd90c54451a2.96e27943e75178df402e02fb2d0e70ba.jpeg?odnHeight=372&amp;odnWidth=372&amp;odnBg=FFFFFF 2x" class="absolute top-0 left-0" data-testid="productTileImage" alt="" src="https://i5.walmartimages.com/asr/c876b426-ab90-41c6-a16d-cd90c54451a2.96e27943e75178df402e02fb2d0e70ba.jpeg?odnHeight=372&amp;odnWidth=372&amp;odnBg=FFFFFF" width="" height=""></div><div class="z-2 absolute bottom--1"><div class="dib relative"><button class="w_6 w_8 w_AD pointer bn bg-blue hover-bg-dark-blue white sans-serif b w-auto ph2 flex items-center justify-center shadow-1" type="button" aria-label="Add to cart - Bugles Crispy Corn Snacks, Nacho Cheese, Family Size Snack Bag, 14.5 oz"><i class="ld ld-Plus" style="font-size: 1.5rem; vertical-align: -0.25em;" title="add to cart"></i><span class="mr2">Add</span></button></div></div></div><div class="mt5 mb1" style="height: 24px;" data-testid="variant-39360123"></div><div class="flex flex-wrap justify-start items-center lh-title mb2 mb1-m"><div class="b black f5 mr1 mr2-xl lh-copy f4-l" aria-hidden="true">$3.53</div><span class="w_AM">current price $3.53</span><div class="f7 f6-l gray mr1">24.3 ¢/oz</div></div><span class="w_AJ" style="-webkit-line-clamp: 3; padding-bottom: 0em; margin-bottom: 0em;"><span class="f6 f5-l normal dark-gray mb0 mt1 lh-title">Bugles Crispy Corn Snacks, Nacho Cheese, Family Size Snack Bag, 14.5 oz</span></span><div class="mt2 flex items-center"><span class="black inline-flex mr1"><i class="ld ld-StarFill" style="font-size: 12px; vertical-align: -0.175em;" aria-hidden="true"></i><i class="ld ld-StarFill" style="font-size: 12px; vertical-align: -0.175em;" aria-hidden="true"></i><i class="ld ld-StarFill" style="font-size: 12px; vertical-align: -0.175em;" aria-hidden="true"></i><i class="ld ld-StarFill" style="font-size: 12px; vertical-align: -0.175em;" aria-hidden="true"></i><i class="ld ld-StarHalf" style="font-size: 12px; vertical-align: -0.175em;" aria-hidden="true"></i></span><span class="sans-serif gray f7" aria-hidden="true">72</span><span class="w_AM">4.5 out of 5 Stars. 72 reviews</span></div><div class="mt2 mb2"><span class="w_EN w_ET w_EX mr1 mt1 ph1">Pickup</span><span class="w_EN w_ET w_EX mr1 mt1 ph1">Delivery</span><span class="w_EN w_ET w_EX mr1 mt1 ph1">3+ day shipping</span></div></div></li><li class="flex flex-column items-center pa1 pr2 pb2 pr4" aria-hidden="false" data-slide="3"><div data-item-id="246212997" data-ad-component-type="wpa-tile" class="sans-serif mid-gray relative flex flex-column w-100 h-100" data-testid="product-tile-3"><a link-identifier="246212997" href="https://wrd.walmart.com/track?bt=1&amp;eventST=click&amp;plmt=sp-item-bottom~desktop~&amp;pos=4&amp;tax=976759_976787_1001390_5517955&amp;rdf=1&amp;rd=https%3A%2F%2Fwww.walmart.com%2Fip%2F%2F246212997&amp;adUid=2fb9797b-3ee4-4402-b6c4-83465804a280&amp;mloc=sp-item-bottom&amp;pltfm=desktop&amp;pgId=677669806&amp;pt=item&amp;spQs=AI8shvaisvnmtpreFmO-vyBPnWglNysfydMheH4jOIAwqxcOqK7r0iEihMVQEhyQnED2tRCU41UtVKJK9w56fQH_O_EoUORqXHvePRhooPQN7t_R9bKIo19w7KOdOoqjcmEoCQKsK4lrCAig7_pEcNZMh1As8GUW804sRcAxZ3A&amp;storeId=3081&amp;bkt=2246" class="absolute w-100 h-100 z-1"><span class="w_AM">Pringles Potato Crisps Chips, Lunch Snacks, On The Go Snacks, Cheddar Cheese, 5.5 Oz, Can</span></a><div class="h2 relative mv2"></div><div class="relative"><div class="relative overflow-hidden" style="max-width: 186px; height: 186px; padding-bottom: min(186px, 100%); align-self: center; width: 186px;"><img loading="lazy" srcset="https://i5.walmartimages.com/asr/80d667a6-62a9-4f00-a18e-bc55f85f3a12.ded73a4ce19550c129496b1b1f321807.jpeg?odnHeight=186&amp;odnWidth=186&amp;odnBg=FFFFFF 1x, https://i5.walmartimages.com/asr/80d667a6-62a9-4f00-a18e-bc55f85f3a12.ded73a4ce19550c129496b1b1f321807.jpeg?odnHeight=372&amp;odnWidth=372&amp;odnBg=FFFFFF 2x" class="absolute top-0 left-0" data-testid="productTileImage" alt="" src="https://i5.walmartimages.com/asr/80d667a6-62a9-4f00-a18e-bc55f85f3a12.ded73a4ce19550c129496b1b1f321807.jpeg?odnHeight=372&amp;odnWidth=372&amp;odnBg=FFFFFF" width="" height=""></div><div class="z-2 absolute bottom--1"><div class="dib relative"><button class="w_6 w_8 w_AD pointer bn bg-blue hover-bg-dark-blue white sans-serif b w-auto ph2 flex items-center justify-center shadow-1" type="button" aria-label="Add to cart - Pringles Potato Crisps Chips, Lunch Snacks, On The Go Snacks, Cheddar Cheese, 5.5 Oz, Can"><i class="ld ld-Plus" style="font-size: 1.5rem; vertical-align: -0.25em;" title="add to cart"></i><span class="mr2">Add</span></button></div></div></div><div class="mt5 mb1" style="height: 24px;" data-testid="variant-246212997"></div><div class="flex flex-wrap justify-start items-center lh-title mb2 mb1-m"><div class="b black f5 mr1 mr2-xl lh-copy f4-l" aria-hidden="true">$1.78</div><span class="w_AM">current price $1.78</span><div class="f7 f6-l strike gray mr3" aria-hidden="true">$5.28</div><span class="w_AM">was $5.28</span><div class="f7 f6-l gray mr1">32.4 ¢/oz</div></div><span class="w_AJ" style="-webkit-line-clamp: 3; padding-bottom: 0em; margin-bottom: 0em;"><span class="f6 f5-l normal dark-gray mb0 mt1 lh-title">Pringles Potato Crisps Chips, Lunch Snacks, On The Go Snacks, Cheddar Cheese, 5.5 Oz, Can</span></span><div class="mt2 flex items-center"><span class="black inline-flex mr1"><i class="ld ld-StarFill" style="font-size: 12px; vertical-align: -0.175em;" aria-hidden="true"></i><i class="ld ld-StarFill" style="font-size: 12px; vertical-align: -0.175em;" aria-hidden="true"></i><i class="ld ld-StarFill" style="font-size: 12px; vertical-align: -0.175em;" aria-hidden="true"></i><i class="ld ld-StarFill" style="font-size: 12px; vertical-align: -0.175em;" aria-hidden="true"></i><i class="ld ld-StarHalf" style="font-size: 12px; vertical-align: -0.175em;" aria-hidden="true"></i></span><span class="sans-serif gray f7" aria-hidden="true">301</span><span class="w_AM">4.5 out of 5 Stars. 301 reviews</span></div><div class="mt2 mb2"><span class="w_EN w_ET w_EX mr1 mt1 ph1">Pickup</span><span class="w_EN w_ET w_EX mr1 mt1 ph1">Delivery</span><span class="w_EN w_ET w_EX mr1 mt1 ph1">3+ day shipping</span></div></div></li><li class="flex flex-column items-center pa1 pr2 pb2 pr4" aria-hidden="false" data-slide="4"><div data-item-id="435654130" data-ad-component-type="wpa-tile" class="sans-serif mid-gray relative flex flex-column w-100 h-100" data-testid="product-tile-4"><a link-identifier="435654130" href="https://wrd.walmart.com/track?bt=1&amp;eventST=click&amp;plmt=sp-item-bottom~desktop~&amp;pos=5&amp;tax=976759_976787_1001390_5517955&amp;rdf=1&amp;rd=https%3A%2F%2Fwww.walmart.com%2Fip%2F%2F435654130&amp;adUid=2fb9797b-3ee4-4402-b6c4-83465804a280&amp;mloc=sp-item-bottom&amp;pltfm=desktop&amp;pgId=677669806&amp;pt=item&amp;spQs=JU2Wey06eREpwSX981Cj_4jHG7AikQtsvl3qGyAqkE9XK7RNuJXI9DKvLxpqhMjDkdf9vuziCGlhlTuogqhZG3EFt7kYd04UuehfwLVV_hbo8qKnICnBCcC4Fh9W36Vr864J1M3Y89m7TQyvljbrGb6MtgFVhaZFJMBha3y4gIg&amp;storeId=3081&amp;bkt=2246" class="absolute w-100 h-100 z-1"><span class="w_AM">Siete Family Foods Tortilla Chips, Grain Free, Sprinkle of Sea Salt, 5 oz. Bag</span></a><div class="h2 relative mv2"></div><div class="relative"><div class="relative overflow-hidden" style="max-width: 186px; height: 186px; padding-bottom: min(186px, 100%); align-self: center; width: 186px;"><img loading="lazy" srcset="https://i5.walmartimages.com/asr/aedf9329-d480-43df-8bf9-838837a463c1.4cc636a09e7e13fbae0aa012071b0bbd.jpeg?odnHeight=186&amp;odnWidth=186&amp;odnBg=FFFFFF 1x, https://i5.walmartimages.com/asr/aedf9329-d480-43df-8bf9-838837a463c1.4cc636a09e7e13fbae0aa012071b0bbd.jpeg?odnHeight=372&amp;odnWidth=372&amp;odnBg=FFFFFF 2x" class="absolute top-0 left-0" data-testid="productTileImage" alt="" src="https://i5.walmartimages.com/asr/aedf9329-d480-43df-8bf9-838837a463c1.4cc636a09e7e13fbae0aa012071b0bbd.jpeg?odnHeight=372&amp;odnWidth=372&amp;odnBg=FFFFFF" width="" height=""></div><div class="z-2 absolute bottom--1"><div class="dib relative"><button class="w_6 w_8 w_AD pointer bn bg-blue hover-bg-dark-blue white sans-serif b w-auto ph2 flex items-center justify-center shadow-1" type="button" aria-label="Add to cart - Siete Family Foods Tortilla Chips, Grain Free, Sprinkle of Sea Salt, 5 oz. Bag"><i class="ld ld-Plus" style="font-size: 1.5rem; vertical-align: -0.25em;" title="add to cart"></i><span class="mr2">Add</span></button></div></div></div><div class="mt5 mb1" style="height: 24px;" data-testid="variant-435654130"></div><div class="flex flex-wrap justify-start items-center lh-title mb2 mb1-m"><div class="b black f5 mr1 mr2-xl lh-copy f4-l" aria-hidden="true">$4.78</div><span class="w_AM">current price $4.78</span><div class="f7 f6-l gray mr1">95.6 ¢/oz</div></div><span class="w_AJ" style="-webkit-line-clamp: 3; padding-bottom: 0em; margin-bottom: 0em;"><span class="f6 f5-l normal dark-gray mb0 mt1 lh-title">Siete Family Foods Tortilla Chips, Grain Free, Sprinkle of Sea Salt, 5 oz. Bag</span></span><div class="mt2 flex items-center"><span class="black inline-flex mr1"><i class="ld ld-StarFill" style="font-size: 12px; vertical-align: -0.175em;" aria-hidden="true"></i><i class="ld ld-StarFill" style="font-size: 12px; vertical-align: -0.175em;" aria-hidden="true"></i><i class="ld ld-StarFill" style="font-size: 12px; vertical-align: -0.175em;" aria-hidden="true"></i><i class="ld ld-StarFill" style="font-size: 12px; vertical-align: -0.175em;" aria-hidden="true"></i><i class="ld ld-StarFill" style="font-size: 12px; vertical-align: -0.175em;" aria-hidden="true"></i></span><span class="sans-serif gray f7" aria-hidden="true">651</span><span class="w_AM">4.9 out of 5 Stars. 651 reviews</span></div><div class="mt2 mb2"><span class="w_EN w_ET w_EX mr1 mt1 ph1">Pickup</span><span class="w_EN w_ET w_EX mr1 mt1 ph1">Delivery</span><span class="w_EN w_ET w_EX mr1 mt1 ph1">3+ day shipping</span></div></div></li><li class="flex flex-column items-center pa1 pr2 pb2 pr4" aria-hidden="false" data-slide="5"><div data-item-id="655094884" data-ad-component-type="wpa-tile" class="sans-serif mid-gray relative flex flex-column w-100 h-100" data-testid="product-tile-5"><a link-identifier="655094884" href="https://wrd.walmart.com/track?bt=1&amp;eventST=click&amp;plmt=sp-item-bottom~desktop~&amp;pos=6&amp;tax=976759_976787_1001390_5517955&amp;rdf=1&amp;rd=https%3A%2F%2Fwww.walmart.com%2Fip%2F%2F655094884&amp;adUid=2fb9797b-3ee4-4402-b6c4-83465804a280&amp;mloc=sp-item-bottom&amp;pltfm=desktop&amp;pgId=677669806&amp;pt=item&amp;spQs=J5TYYnzQtuEdDTzlQp2ydbp7wzrxDKLQ3QfjOcdZJmiksLIKH8GdMHI51EBhDsz8kdf9vuziCGlhlTuogqhZG3EFt7kYd04UuehfwLVV_hbrC82SLAWIv_eIoTyQrsNWrCXimAQIlOLoNN8kYnOswoEHSHrJzza6K3tWCR2bBY8&amp;storeId=3081&amp;bkt=2246" class="absolute w-100 h-100 z-1"><span class="w_AM">Takis Fuego Rolled Tortilla Chips, Hot Chili Pepper and Lime Artificially Flavored, 20 Ounce Fiesta Size Bag</span></a><div class="h2 relative mv2"></div><div class="relative"><div class="relative overflow-hidden" style="max-width: 186px; height: 186px; padding-bottom: min(186px, 100%); align-self: center; width: 186px;"><img loading="lazy" srcset="https://i5.walmartimages.com/asr/77fae496-d0a6-4289-8f33-2496553175d6.73408a2f420a364571a0a0104663be4e.jpeg?odnHeight=186&amp;odnWidth=186&amp;odnBg=FFFFFF 1x, https://i5.walmartimages.com/asr/77fae496-d0a6-4289-8f33-2496553175d6.73408a2f420a364571a0a0104663be4e.jpeg?odnHeight=372&amp;odnWidth=372&amp;odnBg=FFFFFF 2x" class="absolute top-0 left-0" data-testid="productTileImage" alt="" src="https://i5.walmartimages.com/asr/77fae496-d0a6-4289-8f33-2496553175d6.73408a2f420a364571a0a0104663be4e.jpeg?odnHeight=372&amp;odnWidth=372&amp;odnBg=FFFFFF" width="" height=""></div><div class="z-2 absolute bottom--1"><div class="dib relative"><button class="w_6 w_8 w_AD pointer bn bg-blue hover-bg-dark-blue white sans-serif b w-auto ph2 flex items-center justify-center shadow-1" type="button" aria-label="Add to cart - Takis Fuego Rolled Tortilla Chips, Hot Chili Pepper and Lime Artificially Flavored, 20 Ounce Fiesta Size Bag"><i class="ld ld-Plus" style="font-size: 1.5rem; vertical-align: -0.25em;" title="add to cart"></i><span class="mr2">Add</span></button></div></div></div><div class="mt5 mb1" style="height: 24px;" data-testid="variant-655094884"></div><div class="flex flex-wrap justify-start items-center lh-title mb2 mb1-m"><div class="b black f5 mr1 mr2-xl lh-copy f4-l" aria-hidden="true">$4.47</div><span class="w_AM">current price $4.47</span><div class="f7 f6-l gray mr1">22.4 ¢/oz</div></div><span class="w_AJ" style="-webkit-line-clamp: 3; padding-bottom: 0em; margin-bottom: 0em;"><span class="f6 f5-l normal dark-gray mb0 mt1 lh-title">Takis Fuego Rolled Tortilla Chips, Hot Chili Pepper and Lime Artificially Flavored, 20 Ounce Fiesta Size Bag</span></span><div class="mt2 flex items-center"><span class="black inline-flex mr1"><i class="ld ld-StarFill" style="font-size: 12px; vertical-align: -0.175em;" aria-hidden="true"></i><i class="ld ld-StarFill" style="font-size: 12px; vertical-align: -0.175em;" aria-hidden="true"></i><i class="ld ld-StarFill" style="font-size: 12px; vertical-align: -0.175em;" aria-hidden="true"></i><i class="ld ld-StarFill" style="font-size: 12px; vertical-align: -0.175em;" aria-hidden="true"></i><i class="ld ld-StarHalf" style="font-size: 12px; vertical-align: -0.175em;" aria-hidden="true"></i></span><span class="sans-serif gray f7" aria-hidden="true">347</span><span class="w_AM">4.6 out of 5 Stars. 347 reviews</span></div><div class="mt2 mb2"><span class="w_EN w_ET w_EX mr1 mt1 ph1">Pickup</span><span class="w_EN w_ET w_EX mr1 mt1 ph1">Delivery</span><span class="w_EN w_ET w_EX mr1 mt1 ph1">3+ day shipping</span></div></div></li><li class="flex flex-column items-center pa1 pr2 pb2 pr4" aria-hidden="true" data-slide="6" style="scroll-snap-align: start;"><div data-item-id="895666722" data-ad-component-type="wpa-tile" class="sans-serif mid-gray relative flex flex-column w-100 h-100" data-testid="product-tile-6"><a link-identifier="895666722" href="https://wrd.walmart.com/track?bt=1&amp;eventST=click&amp;plmt=sp-item-bottom~desktop~&amp;pos=7&amp;tax=976759_976787_1001390_5517955&amp;rdf=1&amp;rd=https%3A%2F%2Fwww.walmart.com%2Fip%2F%2F895666722&amp;adUid=2fb9797b-3ee4-4402-b6c4-83465804a280&amp;mloc=sp-item-bottom&amp;pltfm=desktop&amp;pgId=677669806&amp;pt=item&amp;spQs=6gba9fbecn-3NN9c04hSU2k6Hf2fkoCaSvgFzp19FuXicB3qkK_5JDl2QfuXyG2M_r3miyoWrXsd_fYRtyDTY8FYHjSWwHMEnohPcY81pZdNKYBvFr4Q5Iuf7fBLPOy9bOAuYm_pfVlPWU8D268tflkHMKa_N05ypfUTMNex1Vc&amp;storeId=3081&amp;bkt=2246" class="absolute w-100 h-100 z-1"><span class="w_AM">RITZ Cheese Crispers Cheddar Chips, 7 oz</span></a><div class="h2 relative mv2"></div><div class="relative"><div class="relative overflow-hidden" style="max-width: 186px; height: 186px; padding-bottom: min(186px, 100%); align-self: center; width: 186px;"><img loading="lazy" srcset="https://i5.walmartimages.com/asr/8bab0d94-d9cd-41c1-abf7-d55dc18f1979.7e4dd8131ed9a83e23e7d80b6e1f2a0c.jpeg?odnHeight=186&amp;odnWidth=186&amp;odnBg=FFFFFF 1x, https://i5.walmartimages.com/asr/8bab0d94-d9cd-41c1-abf7-d55dc18f1979.7e4dd8131ed9a83e23e7d80b6e1f2a0c.jpeg?odnHeight=372&amp;odnWidth=372&amp;odnBg=FFFFFF 2x" class="absolute top-0 left-0" data-testid="productTileImage" alt="" src="https://i5.walmartimages.com/asr/8bab0d94-d9cd-41c1-abf7-d55dc18f1979.7e4dd8131ed9a83e23e7d80b6e1f2a0c.jpeg?odnHeight=372&amp;odnWidth=372&amp;odnBg=FFFFFF" width="" height=""></div><div class="z-2 absolute bottom--1"><div class="dib relative"><button class="w_6 w_8 w_AD pointer bn bg-blue hover-bg-dark-blue white sans-serif b w-auto ph2 flex items-center justify-center shadow-1" type="button" aria-label="Add to cart - RITZ Cheese Crispers Cheddar Chips, 7 oz"><i class="ld ld-Plus" style="font-size: 1.5rem; vertical-align: -0.25em;" title="add to cart"></i><span class="mr2">Add</span></button></div></div></div><div class="mt5 mb1" style="height: 24px;" data-testid="variant-895666722"></div><div class="flex flex-wrap justify-start items-center lh-title mb2 mb1-m"><div class="b black f5 mr1 mr2-xl lh-copy f4-l" aria-hidden="true">$3.28</div><span class="w_AM">current price $3.28</span><div class="f7 f6-l gray mr1">46.9 ¢/oz</div></div><span class="w_AJ" style="-webkit-line-clamp: 3; padding-bottom: 0em; margin-bottom: 0em;"><span class="f6 f5-l normal dark-gray mb0 mt1 lh-title">RITZ Cheese Crispers Cheddar Chips, 7 oz</span></span><div class="mt2 flex items-center"><span class="black inline-flex mr1"><i class="ld ld-StarFill" style="font-size: 12px; vertical-align: -0.175em;" aria-hidden="true"></i><i class="ld ld-StarFill" style="font-size: 12px; vertical-align: -0.175em;" aria-hidden="true"></i><i class="ld ld-StarFill" style="font-size: 12px; vertical-align: -0.175em;" aria-hidden="true"></i><i class="ld ld-StarFill" style="font-size: 12px; vertical-align: -0.175em;" aria-hidden="true"></i><i class="ld ld-Star" style="font-size: 12px; vertical-align: -0.175em;" aria-hidden="true"></i></span><span class="sans-serif gray f7" aria-hidden="true">4146</span><span class="w_AM">4.2 out of 5 Stars. 4146 reviews</span></div><div class="mt2 mb2"><span class="w_EN w_ET w_EX mr1 mt1 ph1">Pickup</span><span class="w_EN w_ET w_EX mr1 mt1 ph1">Delivery</span><span class="w_EN w_ET w_EX mr1 mt1 ph1">1-day shipping</span></div></div></li><li class="flex flex-column items-center pa1 pr2 pb2 pr4" aria-hidden="true" data-slide="7"><div data-item-id="134090174" data-ad-component-type="wpa-tile" class="sans-serif mid-gray relative flex flex-column w-100 h-100" data-testid="product-tile-7"><a link-identifier="134090174" href="https://wrd.walmart.com/track?bt=1&amp;eventST=click&amp;plmt=sp-item-bottom~desktop~&amp;pos=8&amp;tax=976759_976787_1001390_5517955&amp;rdf=1&amp;rd=https%3A%2F%2Fwww.walmart.com%2Fip%2F%2F134090174&amp;adUid=2fb9797b-3ee4-4402-b6c4-83465804a280&amp;mloc=sp-item-bottom&amp;pltfm=desktop&amp;pgId=677669806&amp;pt=item&amp;spQs=lsshlaK3TqfUcq5NL__dULp7wzrxDKLQ3QfjOcdZJmiksLIKH8GdMHI51EBhDsz8kdf9vuziCGlhlTuogqhZG3EFt7kYd04UuehfwLVV_hbrC82SLAWIv_eIoTyQrsNWkC03OHwdg57KD4pELZL4ThxluV0ggRSs5BlbTZkoJAI&amp;storeId=3081&amp;bkt=2246" class="absolute w-100 h-100 z-1"><span class="w_AM">Takis Fuego Rolled Tortilla Chips, Hot Chili Pepper and Lime Artificially Flavored, 4 Ounce Bag</span></a><div class="h2 relative mv2"></div><div class="relative"><div class="relative overflow-hidden" style="max-width: 186px; height: 186px; padding-bottom: min(186px, 100%); align-self: center; width: 186px;"><img loading="lazy" srcset="https://i5.walmartimages.com/asr/501f5bf5-95c8-4edc-a8f4-bf6f200248b5.af6b575ce0744a834d94d6e378d65d01.jpeg?odnHeight=186&amp;odnWidth=186&amp;odnBg=FFFFFF 1x, https://i5.walmartimages.com/asr/501f5bf5-95c8-4edc-a8f4-bf6f200248b5.af6b575ce0744a834d94d6e378d65d01.jpeg?odnHeight=372&amp;odnWidth=372&amp;odnBg=FFFFFF 2x" class="absolute top-0 left-0" data-testid="productTileImage" alt="" src="https://i5.walmartimages.com/asr/501f5bf5-95c8-4edc-a8f4-bf6f200248b5.af6b575ce0744a834d94d6e378d65d01.jpeg?odnHeight=372&amp;odnWidth=372&amp;odnBg=FFFFFF" width="" height=""></div><div class="z-2 absolute bottom--1"><div class="dib relative"><button class="w_6 w_8 w_AD pointer bn bg-blue hover-bg-dark-blue white sans-serif b w-auto ph2 flex items-center justify-center shadow-1" type="button" aria-label="Add to cart - Takis Fuego Rolled Tortilla Chips, Hot Chili Pepper and Lime Artificially Flavored, 4 Ounce Bag"><i class="ld ld-Plus" style="font-size: 1.5rem; vertical-align: -0.25em;" title="add to cart"></i><span class="mr2">Add</span></button></div></div></div><div class="mt5 mb1" style="height: 24px;" data-testid="variant-134090174"></div><div class="flex flex-wrap justify-start items-center lh-title mb2 mb1-m"><div class="b black f5 mr1 mr2-xl lh-copy f4-l" aria-hidden="true">$1.68</div><span class="w_AM">current price $1.68</span><div class="f7 f6-l gray mr1">42.0 ¢/oz</div></div><span class="w_AJ" style="-webkit-line-clamp: 3; padding-bottom: 0em; margin-bottom: 0em;"><span class="f6 f5-l normal dark-gray mb0 mt1 lh-title">Takis Fuego Rolled Tortilla Chips, Hot Chili Pepper and Lime Artificially Flavored, 4 Ounce Bag</span></span><div class="mt2 flex items-center"><span class="black inline-flex mr1"><i class="ld ld-StarFill" style="font-size: 12px; vertical-align: -0.175em;" aria-hidden="true"></i><i class="ld ld-StarFill" style="font-size: 12px; vertical-align: -0.175em;" aria-hidden="true"></i><i class="ld ld-StarFill" style="font-size: 12px; vertical-align: -0.175em;" aria-hidden="true"></i><i class="ld ld-StarFill" style="font-size: 12px; vertical-align: -0.175em;" aria-hidden="true"></i><i class="ld ld-StarHalf" style="font-size: 12px; vertical-align: -0.175em;" aria-hidden="true"></i></span><span class="sans-serif gray f7" aria-hidden="true">343</span><span class="w_AM">4.5 out of 5 Stars. 343 reviews</span></div><div class="mt2 mb2"><span class="w_EN w_ET w_EX mr1 mt1 ph1">Pickup</span><span class="w_EN w_ET w_EX mr1 mt1 ph1">Delivery</span><span class="w_EN w_ET w_EX mr1 mt1 ph1">3+ day shipping</span></div></div></li><li class="flex flex-column items-center pa1 pr2 pb2 pr4" aria-hidden="true" data-slide="8"><div data-item-id="367648982" data-ad-component-type="wpa-tile" class="sans-serif mid-gray relative flex flex-column w-100 h-100" data-testid="product-tile-8"><a link-identifier="367648982" href="https://wrd.walmart.com/track?bt=1&amp;eventST=click&amp;plmt=sp-item-bottom~desktop~&amp;pos=9&amp;tax=976759_976787_1001390_5517955&amp;rdf=1&amp;rd=https%3A%2F%2Fwww.walmart.com%2Fip%2F%2F367648982&amp;adUid=2fb9797b-3ee4-4402-b6c4-83465804a280&amp;mloc=sp-item-bottom&amp;pltfm=desktop&amp;pgId=677669806&amp;pt=item&amp;spQs=7JnfpjbjDgkM3QpAPYXXGmcKua9HnXZx_sqQF-yZpNZCnfYn4-EthSjV5b0O4fNnnED2tRCU41UtVKJK9w56fQH_O_EoUORqXHvePRhooPQN7t_R9bKIo19w7KOdOoqjcdiin10-scDNdQV_i6qA6c9SktT2_UnX_QMAnW16dbw&amp;storeId=3081&amp;bkt=2246" class="absolute w-100 h-100 z-1"><span class="w_AM">Bugles Crispy Corn Snacks, Original Flavor, Snack Bag, 8.75 oz</span></a><div class="h2 relative mv2"></div><div class="relative"><div class="relative overflow-hidden" style="max-width: 186px; height: 186px; padding-bottom: min(186px, 100%); align-self: center; width: 186px;"><img loading="lazy" srcset="https://i5.walmartimages.com/asr/bf7bfca2-43ef-4d27-9ed2-5274e0408a40.2920b6a819a27ad971ab329760313804.jpeg?odnHeight=186&amp;odnWidth=186&amp;odnBg=FFFFFF 1x, https://i5.walmartimages.com/asr/bf7bfca2-43ef-4d27-9ed2-5274e0408a40.2920b6a819a27ad971ab329760313804.jpeg?odnHeight=372&amp;odnWidth=372&amp;odnBg=FFFFFF 2x" class="absolute top-0 left-0" data-testid="productTileImage" alt="" src="https://i5.walmartimages.com/asr/bf7bfca2-43ef-4d27-9ed2-5274e0408a40.2920b6a819a27ad971ab329760313804.jpeg?odnHeight=372&amp;odnWidth=372&amp;odnBg=FFFFFF" width="" height=""></div><div class="z-2 absolute bottom--1"><div class="dib relative"><button class="w_6 w_8 w_AD pointer bn bg-blue hover-bg-dark-blue white sans-serif b w-auto ph2 flex items-center justify-center shadow-1" type="button" aria-label="Add to cart - Bugles Crispy Corn Snacks, Original Flavor, Snack Bag, 8.75 oz"><i class="ld ld-Plus" style="font-size: 1.5rem; vertical-align: -0.25em;" title="add to cart"></i><span class="mr2">Add</span></button></div></div></div><div class="mt5 mb1" style="height: 24px;" data-testid="variant-367648982"></div><div class="flex flex-wrap justify-start items-center lh-title mb2 mb1-m"><div class="b black f5 mr1 mr2-xl lh-copy f4-l" aria-hidden="true">$5.70</div><span class="w_AM">current price $5.70</span><div class="f7 f6-l gray mr1">65.1 ¢/oz</div></div><span class="w_AJ" style="-webkit-line-clamp: 3; padding-bottom: 0em; margin-bottom: 0em;"><span class="f6 f5-l normal dark-gray mb0 mt1 lh-title">Bugles Crispy Corn Snacks, Original Flavor, Snack Bag, 8.75 oz</span></span><div class="mt2 flex items-center"><span class="black inline-flex mr1"><i class="ld ld-StarFill" style="font-size: 12px; vertical-align: -0.175em;" aria-hidden="true"></i><i class="ld ld-StarFill" style="font-size: 12px; vertical-align: -0.175em;" aria-hidden="true"></i><i class="ld ld-StarFill" style="font-size: 12px; vertical-align: -0.175em;" aria-hidden="true"></i><i class="ld ld-StarFill" style="font-size: 12px; vertical-align: -0.175em;" aria-hidden="true"></i><i class="ld ld-StarHalf" style="font-size: 12px; vertical-align: -0.175em;" aria-hidden="true"></i></span><span class="sans-serif gray f7" aria-hidden="true">247</span><span class="w_AM">4.6 out of 5 Stars. 247 reviews</span></div><div class="mt2 mb2"><span class="w_EN w_ET w_EX mr1 mt1 ph1">3+ day shipping</span></div></div></li><li class="flex flex-column items-center pa1 pr2 pb2 pr4" aria-hidden="true" data-slide="9"><div data-item-id="15580719" data-ad-component-type="wpa-tile" class="sans-serif mid-gray relative flex flex-column w-100 h-100" data-testid="product-tile-9"><a link-identifier="15580719" href="https://wrd.walmart.com/track?bt=1&amp;eventST=click&amp;plmt=sp-item-bottom~desktop~&amp;pos=10&amp;tax=976759_976787_1001390_5517955&amp;rdf=1&amp;rd=https%3A%2F%2Fwww.walmart.com%2Fip%2F%2F15580719&amp;adUid=2fb9797b-3ee4-4402-b6c4-83465804a280&amp;mloc=sp-item-bottom&amp;pltfm=desktop&amp;pgId=677669806&amp;pt=item&amp;spQs=9ZIncgWlj4GxdNFu-lsb378W0IFT28S_DT56n1Ge8Pzl7Vdo4qqaTD81C-0k7T7y63xW56KjDxwQMxNRdOSRyHDZUiIQUNQAugYCUF4ZwAFjLGOZ8k74fvX0mpZM4QDQI93oe-6wNiZPLCtIaFo8RBMef6h1-3BOtqyjoyWKE-g&amp;storeId=3081&amp;bkt=2246" class="absolute w-100 h-100 z-1"><span class="w_AM">Bugles Crispy Corn Snacks, Original Flavor, Family Size Snack Bag, 14.5 oz</span></a><div class="h2 relative mv2"></div><div class="relative"><div class="relative overflow-hidden" style="max-width: 186px; height: 186px; padding-bottom: min(186px, 100%); align-self: center; width: 186px;"><img loading="lazy" srcset="https://i5.walmartimages.com/asr/cd5f2fdb-476d-4646-97f2-22dcea2e2ea4.a1644c078f0936eaba8898b4b98af6f0.jpeg?odnHeight=186&amp;odnWidth=186&amp;odnBg=FFFFFF 1x, https://i5.walmartimages.com/asr/cd5f2fdb-476d-4646-97f2-22dcea2e2ea4.a1644c078f0936eaba8898b4b98af6f0.jpeg?odnHeight=372&amp;odnWidth=372&amp;odnBg=FFFFFF 2x" class="absolute top-0 left-0" data-testid="productTileImage" alt="" src="https://i5.walmartimages.com/asr/cd5f2fdb-476d-4646-97f2-22dcea2e2ea4.a1644c078f0936eaba8898b4b98af6f0.jpeg?odnHeight=372&amp;odnWidth=372&amp;odnBg=FFFFFF" width="" height=""></div><div class="z-2 absolute bottom--1"><div class="dib relative"><button class="w_6 w_8 w_AD pointer bn bg-blue hover-bg-dark-blue white sans-serif b w-auto ph2 flex items-center justify-center shadow-1" type="button" aria-label="Add to cart - Bugles Crispy Corn Snacks, Original Flavor, Family Size Snack Bag, 14.5 oz"><i class="ld ld-Plus" style="font-size: 1.5rem; vertical-align: -0.25em;" title="add to cart"></i><span class="mr2">Add</span></button></div></div></div><div class="mt5 mb1" style="height: 24px;" data-testid="variant-15580719"></div><div class="flex flex-wrap justify-start items-center lh-title mb2 mb1-m"><div class="b black f5 mr1 mr2-xl lh-copy f4-l" aria-hidden="true">$3.53</div><span class="w_AM">current price $3.53</span><div class="f7 f6-l gray mr1">24.3 ¢/oz</div></div><span class="w_AJ" style="-webkit-line-clamp: 3; padding-bottom: 0em; margin-bottom: 0em;"><span class="f6 f5-l normal dark-gray mb0 mt1 lh-title">Bugles Crispy Corn Snacks, Original Flavor, Family Size Snack Bag, 14.5 oz</span></span><div class="mt2 flex items-center"><span class="black inline-flex mr1"><i class="ld ld-StarFill" style="font-size: 12px; vertical-align: -0.175em;" aria-hidden="true"></i><i class="ld ld-StarFill" style="font-size: 12px; vertical-align: -0.175em;" aria-hidden="true"></i><i class="ld ld-StarFill" style="font-size: 12px; vertical-align: -0.175em;" aria-hidden="true"></i><i class="ld ld-StarFill" style="font-size: 12px; vertical-align: -0.175em;" aria-hidden="true"></i><i class="ld ld-StarHalf" style="font-size: 12px; vertical-align: -0.175em;" aria-hidden="true"></i></span><span class="sans-serif gray f7" aria-hidden="true">467</span><span class="w_AM">4.5 out of 5 Stars. 467 reviews</span></div><div class="mt2 mb2"><span class="w_EN w_ET w_EX mr1 mt1 ph1">Pickup</span><span class="w_EN w_ET w_EX mr1 mt1 ph1">Delivery</span><span class="w_EN w_ET w_EX mr1 mt1 ph1">1-day shipping</span></div></div></li><li class="flex flex-column items-center pa1 pr2 pb2 pr4" aria-hidden="true" data-slide="10"><div data-item-id="202454080" data-ad-component-type="wpa-tile" class="sans-serif mid-gray relative flex flex-column w-100 h-100" data-testid="product-tile-10"><a link-identifier="202454080" href="https://wrd.walmart.com/track?bt=1&amp;eventST=click&amp;plmt=sp-item-bottom~desktop~&amp;pos=11&amp;tax=976759_976787_1001390_5517955&amp;rdf=1&amp;rd=https%3A%2F%2Fwww.walmart.com%2Fip%2F%2F202454080&amp;adUid=2fb9797b-3ee4-4402-b6c4-83465804a280&amp;mloc=sp-item-bottom&amp;pltfm=desktop&amp;pgId=677669806&amp;pt=item&amp;spQs=iuKcHTNaOzogwQYUlJIgcGk6Hf2fkoCaSvgFzp19FuXicB3qkK_5JDl2QfuXyG2M_r3miyoWrXsd_fYRtyDTY8FYHjSWwHMEnohPcY81pZdNKYBvFr4Q5Iuf7fBLPOy9xD6QgXzb33pmuojXstbq_BgxVEeNrTsJWeleawWr5m4&amp;storeId=3081&amp;bkt=2246" class="absolute w-100 h-100 z-1"><span class="w_AM">Ritz Cheese Crispers Four Cheese And Herb Chips, 7 Oz</span></a><div class="h2 relative mv2"></div><div class="relative"><div class="relative overflow-hidden" style="max-width: 186px; height: 186px; padding-bottom: min(186px, 100%); align-self: center; width: 186px;"><img loading="lazy" srcset="https://i5.walmartimages.com/asr/77c4218b-e6d4-4486-85fc-6655ab3012c7.4fade5c0d0768c2ee4102313199f194b.jpeg?odnHeight=186&amp;odnWidth=186&amp;odnBg=FFFFFF 1x, https://i5.walmartimages.com/asr/77c4218b-e6d4-4486-85fc-6655ab3012c7.4fade5c0d0768c2ee4102313199f194b.jpeg?odnHeight=372&amp;odnWidth=372&amp;odnBg=FFFFFF 2x" class="absolute top-0 left-0" data-testid="productTileImage" alt="" src="https://i5.walmartimages.com/asr/77c4218b-e6d4-4486-85fc-6655ab3012c7.4fade5c0d0768c2ee4102313199f194b.jpeg?odnHeight=372&amp;odnWidth=372&amp;odnBg=FFFFFF" width="" height=""></div><div class="z-2 absolute bottom--1"><div class="dib relative"><button class="w_6 w_8 w_AD pointer bn bg-blue hover-bg-dark-blue white sans-serif b w-auto ph2 flex items-center justify-center shadow-1" type="button" aria-label="Add to cart - Ritz Cheese Crispers Four Cheese And Herb Chips, 7 Oz"><i class="ld ld-Plus" style="font-size: 1.5rem; vertical-align: -0.25em;" title="add to cart"></i><span class="mr2">Add</span></button></div></div></div><div class="mt5 mb1" style="height: 24px;" data-testid="variant-202454080"></div><div class="flex flex-wrap justify-start items-center lh-title mb2 mb1-m"><div class="b black f5 mr1 mr2-xl lh-copy f4-l" aria-hidden="true">$3.28</div><span class="w_AM">current price $3.28</span><div class="f7 f6-l gray mr1">46.9 ¢/oz</div></div><span class="w_AJ" style="-webkit-line-clamp: 3; padding-bottom: 0em; margin-bottom: 0em;"><span class="f6 f5-l normal dark-gray mb0 mt1 lh-title">Ritz Cheese Crispers Four Cheese And Herb Chips, 7 Oz</span></span><div class="mt2 flex items-center"><span class="black inline-flex mr1"><i class="ld ld-StarFill" style="font-size: 12px; vertical-align: -0.175em;" aria-hidden="true"></i><i class="ld ld-StarFill" style="font-size: 12px; vertical-align: -0.175em;" aria-hidden="true"></i><i class="ld ld-StarFill" style="font-size: 12px; vertical-align: -0.175em;" aria-hidden="true"></i><i class="ld ld-StarFill" style="font-size: 12px; vertical-align: -0.175em;" aria-hidden="true"></i><i class="ld ld-StarHalf" style="font-size: 12px; vertical-align: -0.175em;" aria-hidden="true"></i></span><span class="sans-serif gray f7" aria-hidden="true">272</span><span class="w_AM">4.3 out of 5 Stars. 272 reviews</span></div><div class="mt2 mb2"><span class="w_EN w_ET w_EX mr1 mt1 ph1">Pickup</span><span class="w_EN w_ET w_EX mr1 mt1 ph1">Delivery</span><span class="w_EN w_ET w_EX mr1 mt1 ph1">1-day shipping</span></div></div></li><li class="flex flex-column items-center pa1 pr2 pb2 pr4" aria-hidden="true" data-slide="11"><div data-item-id="773802028" data-ad-component-type="wpa-tile" class="sans-serif mid-gray relative flex flex-column w-100 h-100" data-testid="product-tile-11"><a link-identifier="773802028" href="https://wrd.walmart.com/track?bt=1&amp;eventST=click&amp;plmt=sp-item-bottom~desktop~&amp;pos=12&amp;tax=976759_976787_1001390_5517955&amp;rdf=1&amp;rd=https%3A%2F%2Fwww.walmart.com%2Fip%2F%2F773802028&amp;adUid=2fb9797b-3ee4-4402-b6c4-83465804a280&amp;mloc=sp-item-bottom&amp;pltfm=desktop&amp;pgId=677669806&amp;pt=item&amp;spQs=6_Mw-7-FHhTqUKArJsvV7rp7wzrxDKLQ3QfjOcdZJmiksLIKH8GdMHI51EBhDsz8kdf9vuziCGlhlTuogqhZG3EFt7kYd04UuehfwLVV_hYffhSbds0ox69HeuXLEk0nXsOmqavudEQrNnU-BkNzs3ptZN3pax_5G_pSjyFcX-A&amp;storeId=3081&amp;bkt=2246" class="absolute w-100 h-100 z-1"><span class="w_AM">Takis Blue Heat Rolled Tortilla Chips, Hot Chili Pepper Artificially Flavored, 4 Ounce Bag</span></a><div class="h2 relative mv2"></div><div class="relative"><div class="relative overflow-hidden" style="max-width: 186px; height: 186px; padding-bottom: min(186px, 100%); align-self: center; width: 186px;"><img loading="lazy" srcset="https://i5.walmartimages.com/asr/afa3b724-0fca-482b-a715-037e18a38c65.de5c8f5da3cdb993a5fd871bf063bf0c.jpeg?odnHeight=186&amp;odnWidth=186&amp;odnBg=FFFFFF 1x, https://i5.walmartimages.com/asr/afa3b724-0fca-482b-a715-037e18a38c65.de5c8f5da3cdb993a5fd871bf063bf0c.jpeg?odnHeight=372&amp;odnWidth=372&amp;odnBg=FFFFFF 2x" class="absolute top-0 left-0" data-testid="productTileImage" alt="" src="https://i5.walmartimages.com/asr/afa3b724-0fca-482b-a715-037e18a38c65.de5c8f5da3cdb993a5fd871bf063bf0c.jpeg?odnHeight=372&amp;odnWidth=372&amp;odnBg=FFFFFF" width="" height=""></div><div class="z-2 absolute bottom--1"><div class="dib relative"><button class="w_6 w_8 w_AD pointer bn bg-blue hover-bg-dark-blue white sans-serif b w-auto ph2 flex items-center justify-center shadow-1" type="button" aria-label="Add to cart - Takis Blue Heat Rolled Tortilla Chips, Hot Chili Pepper Artificially Flavored, 4 Ounce Bag"><i class="ld ld-Plus" style="font-size: 1.5rem; vertical-align: -0.25em;" title="add to cart"></i><span class="mr2">Add</span></button></div></div></div><div class="mt5 mb1" style="height: 24px;" data-testid="variant-773802028"></div><div class="flex flex-wrap justify-start items-center lh-title mb2 mb1-m"><div class="b black f5 mr1 mr2-xl lh-copy f4-l" aria-hidden="true">$1.68</div><span class="w_AM">current price $1.68</span><div class="f7 f6-l gray mr1">42.0 ¢/oz</div></div><span class="w_AJ" style="-webkit-line-clamp: 3; padding-bottom: 0em; margin-bottom: 0em;"><span class="f6 f5-l normal dark-gray mb0 mt1 lh-title">Takis Blue Heat Rolled Tortilla Chips, Hot Chili Pepper Artificially Flavored, 4 Ounce Bag</span></span><div class="mt2 flex items-center"><span class="black inline-flex mr1"><i class="ld ld-StarFill" style="font-size: 12px; vertical-align: -0.175em;" aria-hidden="true"></i><i class="ld ld-StarFill" style="font-size: 12px; vertical-align: -0.175em;" aria-hidden="true"></i><i class="ld ld-StarFill" style="font-size: 12px; vertical-align: -0.175em;" aria-hidden="true"></i><i class="ld ld-StarHalf" style="font-size: 12px; vertical-align: -0.175em;" aria-hidden="true"></i><i class="ld ld-Star" style="font-size: 12px; vertical-align: -0.175em;" aria-hidden="true"></i></span><span class="sans-serif gray f7" aria-hidden="true">76</span><span class="w_AM">3.6 out of 5 Stars. 76 reviews</span></div><div class="mt2 mb2"><span class="w_EN w_ET w_EX mr1 mt1 ph1">Pickup</span><span class="w_EN w_ET w_EX mr1 mt1 ph1">Delivery</span></div></div></li><li class="flex flex-column items-center pa1 pr2 pb2 pr4" aria-hidden="true" data-slide="12" style="scroll-snap-align: start;"><div data-item-id="853930307" data-ad-component-type="wpa-tile" class="sans-serif mid-gray relative flex flex-column w-100 h-100" data-testid="product-tile-12"><a link-identifier="853930307" href="https://wrd.walmart.com/track?bt=1&amp;eventST=click&amp;plmt=sp-item-bottom~desktop~&amp;pos=13&amp;tax=976759_976787_1001390_5517955&amp;rdf=1&amp;rd=https%3A%2F%2Fwww.walmart.com%2Fip%2F%2F853930307&amp;adUid=2fb9797b-3ee4-4402-b6c4-83465804a280&amp;mloc=sp-item-bottom&amp;pltfm=desktop&amp;pgId=677669806&amp;pt=item&amp;spQs=l-TQcnKY7XEZ5KVJLiS9Km3T-0kWkcijX5sqlXtdVShNtzkwA0M8jH2lxwM--SW_07Xysnq10ZNe9y3oYmGM37Dk90Uhs8yShIEKJLPKT6yXnbt14UmpTnJBo8ST0VpbF-ok17wit8YX-eFfasYAa3zzClMK8HLq6Mdpqt3FYtw&amp;storeId=3081&amp;bkt=2246" class="absolute w-100 h-100 z-1"><span class="w_AM">LesserEvil Organic Paleo Puffs, "No Cheese" Cheesiness, 5 oz</span></a><div class="h2 relative mv2"></div><div class="relative"><div class="relative overflow-hidden" style="max-width: 186px; height: 186px; padding-bottom: min(186px, 100%); align-self: center; width: 186px;"><img loading="lazy" srcset="https://i5.walmartimages.com/asr/3b08a35e-7d0a-4394-bf1f-b31dd92d34d4.150ca75626f1302e57f0033678573d13.png?odnHeight=186&amp;odnWidth=186&amp;odnBg=FFFFFF 1x, https://i5.walmartimages.com/asr/3b08a35e-7d0a-4394-bf1f-b31dd92d34d4.150ca75626f1302e57f0033678573d13.png?odnHeight=372&amp;odnWidth=372&amp;odnBg=FFFFFF 2x" class="absolute top-0 left-0" data-testid="productTileImage" alt="" src="https://i5.walmartimages.com/asr/3b08a35e-7d0a-4394-bf1f-b31dd92d34d4.150ca75626f1302e57f0033678573d13.png?odnHeight=372&amp;odnWidth=372&amp;odnBg=FFFFFF" width="" height=""></div><div class="z-2 absolute bottom--1"><div class="dib relative"><button class="w_6 w_8 w_AD pointer bn bg-blue hover-bg-dark-blue white sans-serif b w-auto ph2 flex items-center justify-center shadow-1" type="button" aria-label="Add to cart - LesserEvil Organic Paleo Puffs, &quot;No Cheese&quot; Cheesiness, 5 oz"><i class="ld ld-Plus" style="font-size: 1.5rem; vertical-align: -0.25em;" title="add to cart"></i><span class="mr2">Add</span></button></div></div></div><div class="mt5 mb1" style="height: 24px;" data-testid="variant-853930307"></div><div class="flex flex-wrap justify-start items-center lh-title mb2 mb1-m"><div class="b black f5 mr1 mr2-xl lh-copy f4-l" aria-hidden="true">$3.78</div><span class="w_AM">current price $3.78</span><div class="f7 f6-l gray mr1">75.6 ¢/oz</div></div><span class="w_AJ" style="-webkit-line-clamp: 3; padding-bottom: 0em; margin-bottom: 0em;"><span class="f6 f5-l normal dark-gray mb0 mt1 lh-title">LesserEvil Organic Paleo Puffs, "No Cheese" Cheesiness, 5 oz</span></span><div class="mt2 flex items-center"><span class="black inline-flex mr1"><i class="ld ld-StarFill" style="font-size: 12px; vertical-align: -0.175em;" aria-hidden="true"></i><i class="ld ld-StarFill" style="font-size: 12px; vertical-align: -0.175em;" aria-hidden="true"></i><i class="ld ld-StarFill" style="font-size: 12px; vertical-align: -0.175em;" aria-hidden="true"></i><i class="ld ld-StarFill" style="font-size: 12px; vertical-align: -0.175em;" aria-hidden="true"></i><i class="ld ld-StarHalf" style="font-size: 12px; vertical-align: -0.175em;" aria-hidden="true"></i></span><span class="sans-serif gray f7" aria-hidden="true">112</span><span class="w_AM">4.3 out of 5 Stars. 112 reviews</span></div><div class="mt2 mb2"><span class="w_EN w_ET w_EX mr1 mt1 ph1">Pickup</span><span class="w_EN w_ET w_EX mr1 mt1 ph1">Delivery</span><span class="w_EN w_ET w_EX mr1 mt1 ph1">1-day shipping</span></div></div></li><li class="flex flex-column items-center pa1 pr2 pb2 pr4" aria-hidden="true" data-slide="13"><div data-item-id="419256930" data-ad-component-type="wpa-tile" class="sans-serif mid-gray relative flex flex-column w-100 h-100" data-testid="product-tile-13"><a link-identifier="419256930" href="https://wrd.walmart.com/track?bt=1&amp;eventST=click&amp;plmt=sp-item-bottom~desktop~&amp;pos=14&amp;tax=976759_976787_1001390_5517955&amp;rdf=1&amp;rd=https%3A%2F%2Fwww.walmart.com%2Fip%2F%2F419256930&amp;adUid=2fb9797b-3ee4-4402-b6c4-83465804a280&amp;mloc=sp-item-bottom&amp;pltfm=desktop&amp;pgId=677669806&amp;pt=item&amp;spQs=jUwVCF0veibwyjsphQ6nXYjHG7AikQtsvl3qGyAqkE9XK7RNuJXI9DKvLxpqhMjDkdf9vuziCGlhlTuogqhZG3EFt7kYd04UuehfwLVV_hbo8qKnICnBCcC4Fh9W36Vr8_bgBtk6Npr7hiyjFhqhrinL7p4y7a6kKVnQ8KwztFw&amp;storeId=3081&amp;bkt=2246" class="absolute w-100 h-100 z-1"><span class="w_AM">Siete Family Foods Tortilla Chips, Grain Free, Nacho, 5 oz. Bag</span></a><div class="h2 relative mv2"></div><div class="relative"><div class="relative overflow-hidden" style="max-width: 186px; height: 186px; padding-bottom: min(186px, 100%); align-self: center; width: 186px;"><img loading="lazy" srcset="https://i5.walmartimages.com/asr/3b87185c-be11-4a44-bcf6-53bc68cbb0e0.63e107ca9b2dab9b43cf1d3eda49ccae.jpeg?odnHeight=186&amp;odnWidth=186&amp;odnBg=FFFFFF 1x, https://i5.walmartimages.com/asr/3b87185c-be11-4a44-bcf6-53bc68cbb0e0.63e107ca9b2dab9b43cf1d3eda49ccae.jpeg?odnHeight=372&amp;odnWidth=372&amp;odnBg=FFFFFF 2x" class="absolute top-0 left-0" data-testid="productTileImage" alt="" src="https://i5.walmartimages.com/asr/3b87185c-be11-4a44-bcf6-53bc68cbb0e0.63e107ca9b2dab9b43cf1d3eda49ccae.jpeg?odnHeight=372&amp;odnWidth=372&amp;odnBg=FFFFFF" width="" height=""></div><div class="z-2 absolute bottom--1"><div class="dib relative"><button class="w_6 w_8 w_AD pointer bn bg-blue hover-bg-dark-blue white sans-serif b w-auto ph2 flex items-center justify-center shadow-1" type="button" aria-label="Add to cart - Siete Family Foods Tortilla Chips, Grain Free, Nacho, 5 oz. Bag"><i class="ld ld-Plus" style="font-size: 1.5rem; vertical-align: -0.25em;" title="add to cart"></i><span class="mr2">Add</span></button></div></div></div><div class="mt5 mb1" style="height: 24px;" data-testid="variant-419256930"></div><div class="flex flex-wrap justify-start items-center lh-title mb2 mb1-m"><div class="b black f5 mr1 mr2-xl lh-copy f4-l" aria-hidden="true">$4.65</div><span class="w_AM">current price $4.65</span><div class="f7 f6-l gray mr1">93.0 ¢/oz</div></div><span class="w_AJ" style="-webkit-line-clamp: 3; padding-bottom: 0em; margin-bottom: 0em;"><span class="f6 f5-l normal dark-gray mb0 mt1 lh-title">Siete Family Foods Tortilla Chips, Grain Free, Nacho, 5 oz. Bag</span></span><div class="mt2 flex items-center"><span class="black inline-flex mr1"><i class="ld ld-StarFill" style="font-size: 12px; vertical-align: -0.175em;" aria-hidden="true"></i><i class="ld ld-StarFill" style="font-size: 12px; vertical-align: -0.175em;" aria-hidden="true"></i><i class="ld ld-StarFill" style="font-size: 12px; vertical-align: -0.175em;" aria-hidden="true"></i><i class="ld ld-StarFill" style="font-size: 12px; vertical-align: -0.175em;" aria-hidden="true"></i><i class="ld ld-StarFill" style="font-size: 12px; vertical-align: -0.175em;" aria-hidden="true"></i></span><span class="sans-serif gray f7" aria-hidden="true">133</span><span class="w_AM">4.8 out of 5 Stars. 133 reviews</span></div><div class="mt2 mb2"><span class="w_EN w_ET w_EX mr1 mt1 ph1">Pickup</span><span class="w_EN w_ET w_EX mr1 mt1 ph1">Delivery</span></div></div></li><li class="flex flex-column items-center pa1 pr2 pb2 pr4" aria-hidden="true" data-slide="14"><div data-item-id="203248797" data-ad-component-type="wpa-tile" class="sans-serif mid-gray relative flex flex-column w-100 h-100" data-testid="product-tile-14"><a link-identifier="203248797" href="https://wrd.walmart.com/track?bt=1&amp;eventST=click&amp;plmt=sp-item-bottom~desktop~&amp;pos=15&amp;tax=976759_976787_1001390_5517955&amp;rdf=1&amp;rd=https%3A%2F%2Fwww.walmart.com%2Fip%2F%2F203248797&amp;adUid=2fb9797b-3ee4-4402-b6c4-83465804a280&amp;mloc=sp-item-bottom&amp;pltfm=desktop&amp;pgId=677669806&amp;pt=item&amp;spQs=umo8tMoH3evUpnKxdj8as2k6Hf2fkoCaSvgFzp19FuV3SArDEPFTNtlN2bhzXsMM_r3miyoWrXsd_fYRtyDTY8FYHjSWwHMEnohPcY81pZcaP2YDn38HUvxn12v0W3JX5ZgMYyzTurjKvD0BeRtmUGclP_gd02Ef_0yPT9hxkTg&amp;storeId=3081&amp;bkt=2246" class="absolute w-100 h-100 z-1"><span class="w_AM">RITZ Cheese Crispers Spicy Queso Baked Chips, 7 oz</span></a><div class="h2 relative mv2"></div><div class="relative"><div class="relative overflow-hidden" style="max-width: 186px; height: 186px; padding-bottom: min(186px, 100%); align-self: center; width: 186px;"><img loading="lazy" srcset="https://i5.walmartimages.com/asr/a7fd373f-8cb6-41d7-a18d-5143a67567a4.9fe2b3e48f972efa10aed95d9181d7be.jpeg?odnHeight=186&amp;odnWidth=186&amp;odnBg=FFFFFF 1x, https://i5.walmartimages.com/asr/a7fd373f-8cb6-41d7-a18d-5143a67567a4.9fe2b3e48f972efa10aed95d9181d7be.jpeg?odnHeight=372&amp;odnWidth=372&amp;odnBg=FFFFFF 2x" class="absolute top-0 left-0" data-testid="productTileImage" alt="" src="https://i5.walmartimages.com/asr/a7fd373f-8cb6-41d7-a18d-5143a67567a4.9fe2b3e48f972efa10aed95d9181d7be.jpeg?odnHeight=372&amp;odnWidth=372&amp;odnBg=FFFFFF" width="" height=""></div><div class="z-2 absolute bottom--1"><div class="dib relative"><button class="w_6 w_8 w_AD pointer bn bg-blue hover-bg-dark-blue white sans-serif b w-auto ph2 flex items-center justify-center shadow-1" type="button" aria-label="Add to cart - RITZ Cheese Crispers Spicy Queso Baked Chips, 7 oz"><i class="ld ld-Plus" style="font-size: 1.5rem; vertical-align: -0.25em;" title="add to cart"></i><span class="mr2">Add</span></button></div></div></div><div class="mt5 mb1" style="height: 24px;" data-testid="variant-203248797"></div><div class="flex flex-wrap justify-start items-center lh-title mb2 mb1-m"><div class="b black f5 mr1 mr2-xl lh-copy f4-l" aria-hidden="true">$3.28</div><span class="w_AM">current price $3.28</span><div class="f7 f6-l gray mr1">46.9 ¢/oz</div></div><span class="w_AJ" style="-webkit-line-clamp: 3; padding-bottom: 0em; margin-bottom: 0em;"><span class="f6 f5-l normal dark-gray mb0 mt1 lh-title">RITZ Cheese Crispers Spicy Queso Baked Chips, 7 oz</span></span><div class="mt2 flex items-center"><span class="black inline-flex mr1"><i class="ld ld-StarFill" style="font-size: 12px; vertical-align: -0.175em;" aria-hidden="true"></i><i class="ld ld-StarFill" style="font-size: 12px; vertical-align: -0.175em;" aria-hidden="true"></i><i class="ld ld-StarFill" style="font-size: 12px; vertical-align: -0.175em;" aria-hidden="true"></i><i class="ld ld-StarHalf" style="font-size: 12px; vertical-align: -0.175em;" aria-hidden="true"></i><i class="ld ld-Star" style="font-size: 12px; vertical-align: -0.175em;" aria-hidden="true"></i></span><span class="sans-serif gray f7" aria-hidden="true">7</span><span class="w_AM">3.7 out of 5 Stars. 7 reviews</span></div><div class="mt2 mb2"><span class="w_EN w_ET w_EX mr1 mt1 ph1">1-day shipping</span></div></div></li><li class="flex flex-column items-center pa1 pr2 pb2 pr4" aria-hidden="true" data-slide="15"><div data-item-id="431030456" data-ad-component-type="wpa-tile" class="sans-serif mid-gray relative flex flex-column w-100 h-100" data-testid="product-tile-15"><a link-identifier="431030456" href="https://wrd.walmart.com/track?bt=1&amp;eventST=click&amp;plmt=sp-item-bottom~desktop~&amp;pos=16&amp;tax=976759_976787_1001390_5517955&amp;rdf=1&amp;rd=https%3A%2F%2Fwww.walmart.com%2Fip%2F%2F431030456&amp;adUid=2fb9797b-3ee4-4402-b6c4-83465804a280&amp;mloc=sp-item-bottom&amp;pltfm=desktop&amp;pgId=677669806&amp;pt=item&amp;spQs=1znfdLOssHtChk9JMfZUg23T-0kWkcijX5sqlXtdVShNtzkwA0M8jH2lxwM--SW_07Xysnq10ZNe9y3oYmGM37Dk90Uhs8yShIEKJLPKT6wAc52aWlIb__wUa-2P2wj-PJkWR_K8ZeAH5X5Sb5xNAtP_egI3O-TXIqRJEo128kg&amp;storeId=3081&amp;bkt=2246" class="absolute w-100 h-100 z-1"><span class="w_AM">LesserEvil Organic Paleo Puffs, Himalayan Pink Salt, 5 oz</span></a><div class="h2 relative mv2"></div><div class="relative"><div class="relative overflow-hidden" style="max-width: 186px; height: 186px; padding-bottom: min(186px, 100%); align-self: center; width: 186px;"><img loading="lazy" srcset="https://i5.walmartimages.com/asr/1eb40c3e-3d25-44e9-b621-daf59bcefd9c_1.c01ecdca76c2eafb10c1017173f4c047.jpeg?odnHeight=186&amp;odnWidth=186&amp;odnBg=FFFFFF 1x, https://i5.walmartimages.com/asr/1eb40c3e-3d25-44e9-b621-daf59bcefd9c_1.c01ecdca76c2eafb10c1017173f4c047.jpeg?odnHeight=372&amp;odnWidth=372&amp;odnBg=FFFFFF 2x" class="absolute top-0 left-0" data-testid="productTileImage" alt="" src="https://i5.walmartimages.com/asr/1eb40c3e-3d25-44e9-b621-daf59bcefd9c_1.c01ecdca76c2eafb10c1017173f4c047.jpeg?odnHeight=372&amp;odnWidth=372&amp;odnBg=FFFFFF" width="" height=""></div><div class="z-2 absolute bottom--1"><div class="dib relative"><button class="w_6 w_8 w_AD pointer bn bg-blue hover-bg-dark-blue white sans-serif b w-auto ph2 flex items-center justify-center shadow-1" type="button" aria-label="Add to cart - LesserEvil Organic Paleo Puffs, Himalayan Pink Salt, 5 oz"><i class="ld ld-Plus" style="font-size: 1.5rem; vertical-align: -0.25em;" title="add to cart"></i><span class="mr2">Add</span></button></div></div></div><div class="mt5 mb1" style="height: 24px;" data-testid="variant-431030456"></div><div class="flex flex-wrap justify-start items-center lh-title mb2 mb1-m"><div class="b black f5 mr1 mr2-xl lh-copy f4-l" aria-hidden="true">$3.78</div><span class="w_AM">current price $3.78</span><div class="f7 f6-l gray mr1">75.6 ¢/oz</div></div><span class="w_AJ" style="-webkit-line-clamp: 3; padding-bottom: 0em; margin-bottom: 0em;"><span class="f6 f5-l normal dark-gray mb0 mt1 lh-title">LesserEvil Organic Paleo Puffs, Himalayan Pink Salt, 5 oz</span></span><div class="mt2 flex items-center"><span class="black inline-flex mr1"><i class="ld ld-StarFill" style="font-size: 12px; vertical-align: -0.175em;" aria-hidden="true"></i><i class="ld ld-StarFill" style="font-size: 12px; vertical-align: -0.175em;" aria-hidden="true"></i><i class="ld ld-StarFill" style="font-size: 12px; vertical-align: -0.175em;" aria-hidden="true"></i><i class="ld ld-StarFill" style="font-size: 12px; vertical-align: -0.175em;" aria-hidden="true"></i><i class="ld ld-Star" style="font-size: 12px; vertical-align: -0.175em;" aria-hidden="true"></i></span><span class="sans-serif gray f7" aria-hidden="true">80</span><span class="w_AM">4.1 out of 5 Stars. 80 reviews</span></div><div class="mt2 mb2"><span class="w_EN w_ET w_EX mr1 mt1 ph1">Pickup</span><span class="w_EN w_ET w_EX mr1 mt1 ph1">Delivery</span><span class="w_EN w_ET w_EX mr1 mt1 ph1">1-day shipping</span></div></div></li><li class="flex flex-column items-center pa1 pr2 pb2 pr4" aria-hidden="true" data-slide="16"><div data-item-id="800286874" data-ad-component-type="wpa-tile" class="sans-serif mid-gray relative flex flex-column w-100 h-100" data-testid="product-tile-16"><a link-identifier="800286874" href="https://wrd.walmart.com/track?bt=1&amp;eventST=click&amp;plmt=sp-item-bottom~desktop~&amp;pos=17&amp;tax=976759_976787_1001390_5517955&amp;rdf=1&amp;rd=https%3A%2F%2Fwww.walmart.com%2Fip%2F%2F800286874&amp;adUid=2fb9797b-3ee4-4402-b6c4-83465804a280&amp;mloc=sp-item-bottom&amp;pltfm=desktop&amp;pgId=677669806&amp;pt=item&amp;spQs=LeetYhPGbSPs-CXymg0FECqNmysbpHXbh6aKjEiLzYHxaysscYRrF4QTmglWAuognED2tRCU41UtVKJK9w56fQH_O_EoUORqXHvePRhooPQN7t_R9bKIo19w7KOdOoqjDYioMWltGbQAlFN-l0qyjE3S0GX_wqK1A-n36tVOGvw&amp;storeId=3081&amp;bkt=2246" class="absolute w-100 h-100 z-1"><span class="w_AM">Cheez-It Snap'd Cheese Cracker Chips, Thin Crisps, Lunch Snacks, Cheddar Sour Cream Onion, 12 Oz, Bag</span></a><div class="h2 relative mv2"></div><div class="relative"><div class="relative overflow-hidden" style="max-width: 186px; height: 186px; padding-bottom: min(186px, 100%); align-self: center; width: 186px;"><img loading="lazy" srcset="https://i5.walmartimages.com/asr/166e740e-be6b-4480-ad24-6a525da48e58.c0b65f9b97e87fdfe3966b5cd9d32db9.jpeg?odnHeight=186&amp;odnWidth=186&amp;odnBg=FFFFFF 1x, https://i5.walmartimages.com/asr/166e740e-be6b-4480-ad24-6a525da48e58.c0b65f9b97e87fdfe3966b5cd9d32db9.jpeg?odnHeight=372&amp;odnWidth=372&amp;odnBg=FFFFFF 2x" class="absolute top-0 left-0" data-testid="productTileImage" alt="" src="https://i5.walmartimages.com/asr/166e740e-be6b-4480-ad24-6a525da48e58.c0b65f9b97e87fdfe3966b5cd9d32db9.jpeg?odnHeight=372&amp;odnWidth=372&amp;odnBg=FFFFFF" width="" height=""></div><div class="z-2 absolute bottom--1"><div class="dib relative"><button class="w_6 w_8 w_AD pointer bn bg-blue hover-bg-dark-blue white sans-serif b w-auto ph2 flex items-center justify-center shadow-1" type="button" aria-label="Add to cart - Cheez-It Snap'd Cheese Cracker Chips, Thin Crisps, Lunch Snacks, Cheddar Sour Cream Onion, 12 Oz, Bag"><i class="ld ld-Plus" style="font-size: 1.5rem; vertical-align: -0.25em;" title="add to cart"></i><span class="mr2">Add</span></button></div></div></div><div class="mt5 mb1" style="height: 24px;" data-testid="variant-800286874"></div><div class="flex flex-wrap justify-start items-center lh-title mb2 mb1-m"><div class="b black f5 mr1 mr2-xl lh-copy f4-l" aria-hidden="true">$4.98</div><span class="w_AM">current price $4.98</span><div class="f7 f6-l gray mr1">41.5 ¢/oz</div></div><span class="w_AJ" style="-webkit-line-clamp: 3; padding-bottom: 0em; margin-bottom: 0em;"><span class="f6 f5-l normal dark-gray mb0 mt1 lh-title">Cheez-It Snap'd Cheese Cracker Chips, Thin Crisps, Lunch Snacks, Cheddar Sour Cream Onion, 12 Oz, Bag</span></span><div class="mt2 flex items-center"><span class="black inline-flex mr1"><i class="ld ld-StarFill" style="font-size: 12px; vertical-align: -0.175em;" aria-hidden="true"></i><i class="ld ld-StarFill" style="font-size: 12px; vertical-align: -0.175em;" aria-hidden="true"></i><i class="ld ld-StarFill" style="font-size: 12px; vertical-align: -0.175em;" aria-hidden="true"></i><i class="ld ld-StarFill" style="font-size: 12px; vertical-align: -0.175em;" aria-hidden="true"></i><i class="ld ld-StarHalf" style="font-size: 12px; vertical-align: -0.175em;" aria-hidden="true"></i></span><span class="sans-serif gray f7" aria-hidden="true">327</span><span class="w_AM">4.7 out of 5 Stars. 327 reviews</span></div><div class="mt2 mb2"><span class="w_EN w_ET w_EX mr1 mt1 ph1">Pickup</span><span class="w_EN w_ET w_EX mr1 mt1 ph1">Delivery</span><span class="w_EN w_ET w_EX mr1 mt1 ph1">1-day shipping</span></div></div></li><li class="flex flex-column items-center pa1 pr2 pb2 pr4" aria-hidden="true" data-slide="17"><div data-item-id="199279857" data-ad-component-type="wpa-tile" class="sans-serif mid-gray relative flex flex-column w-100 h-100" data-testid="product-tile-17"><a link-identifier="199279857" href="https://wrd.walmart.com/track?bt=1&amp;eventST=click&amp;plmt=sp-item-bottom~desktop~&amp;pos=18&amp;tax=976759_976787_1001390_5517955&amp;rdf=1&amp;rd=https%3A%2F%2Fwww.walmart.com%2Fip%2F%2F199279857&amp;adUid=2fb9797b-3ee4-4402-b6c4-83465804a280&amp;mloc=sp-item-bottom&amp;pltfm=desktop&amp;pgId=677669806&amp;pt=item&amp;spQs=BW83KWIOjSQ6eRVHUJF_VGk6Hf2fkoCaSvgFzp19FuV3SArDEPFTNtlN2bhzXsMM_r3miyoWrXsd_fYRtyDTY8FYHjSWwHMEnohPcY81pZfGCNRjneReT0NPwkKsYpT9VjJXsPrxQc64KPGz3vLW7syDzPjk2QG4RBy3MJZBtu8&amp;storeId=3081&amp;bkt=2246" class="absolute w-100 h-100 z-1"><span class="w_AM">RITZ Crisp and Thins Salt and Vinegar Chips, 7.1 oz</span></a><div class="h2 relative mv2"></div><div class="relative"><div class="relative overflow-hidden" style="max-width: 186px; height: 186px; padding-bottom: min(186px, 100%); align-self: center; width: 186px;"><img loading="lazy" srcset="https://i5.walmartimages.com/asr/cf311673-9cba-4d2d-bf3a-b83423cd20d0.320051798796f1af522f9833a1406efa.jpeg?odnHeight=186&amp;odnWidth=186&amp;odnBg=FFFFFF 1x, https://i5.walmartimages.com/asr/cf311673-9cba-4d2d-bf3a-b83423cd20d0.320051798796f1af522f9833a1406efa.jpeg?odnHeight=372&amp;odnWidth=372&amp;odnBg=FFFFFF 2x" class="absolute top-0 left-0" data-testid="productTileImage" alt="" src="https://i5.walmartimages.com/asr/cf311673-9cba-4d2d-bf3a-b83423cd20d0.320051798796f1af522f9833a1406efa.jpeg?odnHeight=372&amp;odnWidth=372&amp;odnBg=FFFFFF" width="" height=""></div><div class="z-2 absolute bottom--1"><div class="dib relative"><button class="w_6 w_8 w_AD pointer bn bg-blue hover-bg-dark-blue white sans-serif b w-auto ph2 flex items-center justify-center shadow-1" type="button" aria-label="Add to cart - RITZ Crisp and Thins Salt and Vinegar Chips, 7.1 oz"><i class="ld ld-Plus" style="font-size: 1.5rem; vertical-align: -0.25em;" title="add to cart"></i><span class="mr2">Add</span></button></div></div></div><div class="mt5 mb1" style="height: 24px;" data-testid="variant-199279857"></div><div class="flex flex-wrap justify-start items-center lh-title mb2 mb1-m"><div class="b black f5 mr1 mr2-xl lh-copy f4-l" aria-hidden="true">$3.28</div><span class="w_AM">current price $3.28</span></div><span class="w_AJ" style="-webkit-line-clamp: 3; padding-bottom: 0em; margin-bottom: 0em;"><span class="f6 f5-l normal dark-gray mb0 mt1 lh-title">RITZ Crisp and Thins Salt and Vinegar Chips, 7.1 oz</span></span><div class="mt2 flex items-center"><span class="black inline-flex mr1"><i class="ld ld-StarFill" style="font-size: 12px; vertical-align: -0.175em;" aria-hidden="true"></i><i class="ld ld-StarFill" style="font-size: 12px; vertical-align: -0.175em;" aria-hidden="true"></i><i class="ld ld-StarFill" style="font-size: 12px; vertical-align: -0.175em;" aria-hidden="true"></i><i class="ld ld-StarFill" style="font-size: 12px; vertical-align: -0.175em;" aria-hidden="true"></i><i class="ld ld-StarHalf" style="font-size: 12px; vertical-align: -0.175em;" aria-hidden="true"></i></span><span class="sans-serif gray f7" aria-hidden="true">38</span><span class="w_AM">4.5 out of 5 Stars. 38 reviews</span></div><div class="mt2 mb2"><span class="w_EN w_ET w_EX mr1 mt1 ph1">Pickup</span><span class="w_EN w_ET w_EX mr1 mt1 ph1">Delivery</span><span class="w_EN w_ET w_EX mr1 mt1 ph1">3+ day shipping</span></div></div></li><li class="flex flex-column items-center pa1 pr2 pb2 pr4" aria-hidden="true" data-slide="18" style="scroll-snap-align: start;"><div data-item-id="37846306" data-ad-component-type="wpa-tile" class="sans-serif mid-gray relative flex flex-column w-100 h-100" data-testid="product-tile-18"><a link-identifier="37846306" href="https://wrd.walmart.com/track?bt=1&amp;eventST=click&amp;plmt=sp-item-bottom~desktop~&amp;pos=19&amp;tax=976759_976787_1001390_5517955&amp;rdf=1&amp;rd=https%3A%2F%2Fwww.walmart.com%2Fip%2F%2F37846306&amp;adUid=2fb9797b-3ee4-4402-b6c4-83465804a280&amp;mloc=sp-item-bottom&amp;pltfm=desktop&amp;pgId=677669806&amp;pt=item&amp;spQs=cy47kg7oUk8TBxSTmDqgXX3sPTCbzuu2KxATMlfHmNX9xdc7ZSaDuzgKJCAtgDQXId-_6qBNdexZNNWI8eh1MeZeFbKpmws2Feanu6gJmI9jLGOZ8k74fvX0mpZM4QDQBXEFErtzl-AkYVZxEtOO-p426VG1rYMyVSINl-Z4C-8&amp;storeId=3081&amp;bkt=2246" class="absolute w-100 h-100 z-1"><span class="w_AM">Takis Stix Flare Corn Sticks, Chili Pepper and Lime Flavored, 9.9 Ounce Bag</span></a><div class="h2 relative mv2"></div><div class="relative"><div class="relative overflow-hidden" style="max-width: 186px; height: 186px; padding-bottom: min(186px, 100%); align-self: center; width: 186px;"><img loading="lazy" srcset="https://i5.walmartimages.com/asr/4ea730b9-4db6-40d6-b4ae-20eb24a8e852.bb446271f9c02ad77bb4338c96063759.jpeg?odnHeight=186&amp;odnWidth=186&amp;odnBg=FFFFFF 1x, https://i5.walmartimages.com/asr/4ea730b9-4db6-40d6-b4ae-20eb24a8e852.bb446271f9c02ad77bb4338c96063759.jpeg?odnHeight=372&amp;odnWidth=372&amp;odnBg=FFFFFF 2x" class="absolute top-0 left-0" data-testid="productTileImage" alt="" src="https://i5.walmartimages.com/asr/4ea730b9-4db6-40d6-b4ae-20eb24a8e852.bb446271f9c02ad77bb4338c96063759.jpeg?odnHeight=372&amp;odnWidth=372&amp;odnBg=FFFFFF" width="" height=""></div><div class="z-2 absolute bottom--1"><div class="dib relative"><button class="w_6 w_8 w_AD pointer bn bg-blue hover-bg-dark-blue white sans-serif b w-auto ph2 flex items-center justify-center shadow-1" type="button" aria-label="Add to cart - Takis Stix Flare Corn Sticks, Chili Pepper and Lime Flavored, 9.9 Ounce Bag"><i class="ld ld-Plus" style="font-size: 1.5rem; vertical-align: -0.25em;" title="add to cart"></i><span class="mr2">Add</span></button></div></div></div><div class="mt5 mb1" style="height: 24px;" data-testid="variant-37846306"></div><div class="flex flex-wrap justify-start items-center lh-title mb2 mb1-m"><div class="b black f5 mr1 mr2-xl lh-copy f4-l" aria-hidden="true">$2.88</div><span class="w_AM">current price $2.88</span><div class="f7 f6-l gray mr1">29.1 ¢/oz</div></div><span class="w_AJ" style="-webkit-line-clamp: 3; padding-bottom: 0em; margin-bottom: 0em;"><span class="f6 f5-l normal dark-gray mb0 mt1 lh-title">Takis Stix Flare Corn Sticks, Chili Pepper and Lime Flavored, 9.9 Ounce Bag</span></span><div class="mt2 flex items-center"><span class="black inline-flex mr1"><i class="ld ld-StarFill" style="font-size: 12px; vertical-align: -0.175em;" aria-hidden="true"></i><i class="ld ld-StarFill" style="font-size: 12px; vertical-align: -0.175em;" aria-hidden="true"></i><i class="ld ld-StarFill" style="font-size: 12px; vertical-align: -0.175em;" aria-hidden="true"></i><i class="ld ld-StarFill" style="font-size: 12px; vertical-align: -0.175em;" aria-hidden="true"></i><i class="ld ld-StarHalf" style="font-size: 12px; vertical-align: -0.175em;" aria-hidden="true"></i></span><span class="sans-serif gray f7" aria-hidden="true">16</span><span class="w_AM">4.4 out of 5 Stars. 16 reviews</span></div><div class="mt2 mb2"><span class="w_EN w_ET w_EX mr1 mt1 ph1">Pickup</span><span class="w_EN w_ET w_EX mr1 mt1 ph1">Delivery</span><span class="w_EN w_ET w_EX mr1 mt1 ph1">3+ day shipping</span></div></div></li><li class="flex flex-column items-center pa1 pr2 pb2 pr4" aria-hidden="true" data-slide="19"><div data-item-id="161565632" data-ad-component-type="wpa-tile" class="sans-serif mid-gray relative flex flex-column w-100 h-100" data-testid="product-tile-19"><a link-identifier="161565632" href="https://wrd.walmart.com/track?bt=1&amp;eventST=click&amp;plmt=sp-item-bottom~desktop~&amp;pos=20&amp;tax=976759_976787_1001390_5517955&amp;rdf=1&amp;rd=https%3A%2F%2Fwww.walmart.com%2Fip%2F%2F161565632&amp;adUid=2fb9797b-3ee4-4402-b6c4-83465804a280&amp;mloc=sp-item-bottom&amp;pltfm=desktop&amp;pgId=677669806&amp;pt=item&amp;spQs=R-VuBmukwuAkSc3_yv0OgHH8qDvdP17k6xwRyMaTRFDUUfl98l78BTDDByRQ-MTX_r3miyoWrXsd_fYRtyDTY8FYHjSWwHMEnohPcY81pZfGCNRjneReT0NPwkKsYpT9PktD-g-oyUrhc9EUcDCyFB7Ba9SZvVd6QQSfuC0BwbQ&amp;storeId=3081&amp;bkt=2246" class="absolute w-100 h-100 z-1"><span class="w_AM">Chef-mate ¡Que Bueno! White Queso Sauce, Liquid White Nacho Cheese, 106 Oz Can</span></a><div class="h2 relative mv2"></div><div class="relative"><div class="relative overflow-hidden" style="max-width: 186px; height: 186px; padding-bottom: min(186px, 100%); align-self: center; width: 186px;"><img loading="lazy" srcset="https://i5.walmartimages.com/asr/2a978013-c31c-4d35-9c8b-ebea63ee2eac_1.e2f40276cffbe715da25a5891b90c448.jpeg?odnHeight=186&amp;odnWidth=186&amp;odnBg=FFFFFF 1x, https://i5.walmartimages.com/asr/2a978013-c31c-4d35-9c8b-ebea63ee2eac_1.e2f40276cffbe715da25a5891b90c448.jpeg?odnHeight=372&amp;odnWidth=372&amp;odnBg=FFFFFF 2x" class="absolute top-0 left-0" data-testid="productTileImage" alt="" src="https://i5.walmartimages.com/asr/2a978013-c31c-4d35-9c8b-ebea63ee2eac_1.e2f40276cffbe715da25a5891b90c448.jpeg?odnHeight=372&amp;odnWidth=372&amp;odnBg=FFFFFF" width="" height=""></div><div class="z-2 absolute bottom--1"><div class="dib relative"><button class="w_6 w_8 w_AD pointer bn bg-blue hover-bg-dark-blue white sans-serif b w-auto ph2 flex items-center justify-center shadow-1" type="button" aria-label="Add to cart - Chef-mate ¡Que Bueno! White Queso Sauce, Liquid White Nacho Cheese, 106 Oz Can"><i class="ld ld-Plus" style="font-size: 1.5rem; vertical-align: -0.25em;" title="add to cart"></i><span class="mr2">Add</span></button></div></div></div><div class="mt5 mb1" style="height: 24px;" data-testid="variant-161565632"></div><div class="flex flex-wrap justify-start items-center lh-title mb2 mb1-m"><div class="b black f5 mr1 mr2-xl lh-copy f4-l" aria-hidden="true">$22.44</div><span class="w_AM">current price $22.44</span><div class="f7 f6-l gray mr1">46.8 ¢/ea</div></div><span class="w_AJ" style="-webkit-line-clamp: 3; padding-bottom: 0em; margin-bottom: 0em;"><span class="f6 f5-l normal dark-gray mb0 mt1 lh-title">Chef-mate ¡Que Bueno! White Queso Sauce, Liquid White Nacho Cheese, 106 Oz Can</span></span><div class="mt2 flex items-center"><span class="black inline-flex mr1"><i class="ld ld-StarFill" style="font-size: 12px; vertical-align: -0.175em;" aria-hidden="true"></i><i class="ld ld-StarFill" style="font-size: 12px; vertical-align: -0.175em;" aria-hidden="true"></i><i class="ld ld-StarFill" style="font-size: 12px; vertical-align: -0.175em;" aria-hidden="true"></i><i class="ld ld-StarFill" style="font-size: 12px; vertical-align: -0.175em;" aria-hidden="true"></i><i class="ld ld-StarHalf" style="font-size: 12px; vertical-align: -0.175em;" aria-hidden="true"></i></span><span class="sans-serif gray f7" aria-hidden="true">39</span><span class="w_AM">4.3 out of 5 Stars. 39 reviews</span></div><div class="mt2 mb2"><span class="w_EN w_ET w_EX mr1 mt1 ph1">1-day shipping</span></div></div></li></ul><button class="absolute dn z-999 bg-white br-100 pa0 pointer ba db-l br-100 ba b--black nav-control right-1" style="top: 100px;" aria-label="Next slide for More items to explore list"><i class="ld ld-ChevronRight" style="font-size: 1.5rem; vertical-align: -0.25em; padding: 12px;"></i></button></div></section></section></div></div> <!-- --> <!-- --><div class="w_CF pa0" id="ITEM-MarqueeDisplayAd-marquee2"><span class="w-100" data-state="3" data-type="placeholder"></span></div> <!-- --><section><div class=""><h2 class="w_G f4 f3-m f2-l f2-xl f2-2xl lh-title mv4 pt3">Related pages</h2><ul class="flex flex-wrap w-100 flex-grow-0 flex-shrink-0 list ma0 pa0 mb4"><li class="w-100 w-50-m w-third-l w-third-xl w-third-2xl mb3"><a link-identifier="Hawaiian Chips" class="black f6" href="/c/kp/hawaiian-chips">Hawaiian Chips</a></li><li class="w-100 w-50-m w-third-l w-third-xl w-third-2xl mb3"><a link-identifier="Potato Chips" class="black f6" href="/c/kp/potato-chips">Potato Chips</a></li><li class="w-100 w-50-m w-third-l w-third-xl w-third-2xl mb3"><a link-identifier="Buffalo Chips" class="black f6" href="/c/kp/buffalo-chips">Buffalo Chips</a></li><li class="w-100 w-50-m w-third-l w-third-xl w-third-2xl mb3"><a link-identifier="Rippled Chips" class="black f6" href="/c/kp/rippled-chips">Rippled Chips</a></li><li class="w-100 w-50-m w-third-l w-third-xl w-third-2xl mb3"><a link-identifier="Crab Chip" class="black f6" href="/c/kp/crab-chip">Crab Chip</a></li><li class="w-100 w-50-m w-third-l w-third-xl w-third-2xl mb3"><a link-identifier="Dressed All Over Chips" class="black f6" href="/c/kp/dressed-all-over-chips">Dressed All Over Chips</a></li><li class="w-100 w-50-m w-third-l w-third-xl w-third-2xl mb3"><a link-identifier="All Potato Chips" class="black f6" href="/browse/food/all-potato-chips/976759_976787_1001390_4402657_6099985">All Potato Chips</a></li><li class="w-100 w-50-m w-third-l w-third-xl w-third-2xl mb3"><a link-identifier="Salty Snacks Stock-Up" class="black f6" href="/browse/food/salty-snacks-stock-up/976759_976787_1001390_2319411">Salty Snacks Stock-Up</a></li><li class="w-100 w-50-m w-third-l w-third-xl w-third-2xl mb3"><a link-identifier="Game Day Snacks" class="black f6" href="/browse/food/game-day-snacks/976759_1567409_6196875_7957182">Game Day Snacks</a></li><li class="w-100 w-50-m w-third-l w-third-xl w-third-2xl mb3"><a link-identifier="All Chips" class="black f6" href="/browse/food/all-chips/976759_976787_1001390_2774520">All Chips</a></li><li class="w-100 w-50-m w-third-l w-third-xl w-third-2xl mb3"><a link-identifier="Game Time Snacks &amp; More" class="black f6" href="/browse/food/game-time-snacks-more/976759_1567409_3282877_2947703">Game Time Snacks &amp; More</a></li><li class="w-100 w-50-m w-third-l w-third-xl w-third-2xl mb3"><a link-identifier="Healthy Benefits All Food" class="black f6" href="/browse/food/healthy-benefits-all-food/976759_3063079_8391853">Healthy Benefits All Food</a></li></ul></div></section> </div></div></div></div><span class="w_AM" aria-live="assertive"></span><span class="w_AM" aria-live="polite"></span></main></section></div></div><span><footer class="bg-washed-blue pt5 lh-copy relative z-0"><div class="mb5 pv1 tc"><p class="f5 mt0">We’d love to hear what you think!</p><button class="w_6 w_9 w_AD" type="button">Give feedback</button></div><div class="bg-dark-blue pv4"><ul class="center flex flex-wrap justify-center list ma0 ph4 pb4 pt3 mw1280"><li><a link-identifier="All Departments" class="no-underline pointer f6 white mr4" href="/all-departments">All Departments</a></li><li><a link-identifier="Store Directory" class="no-underline pointer f6 white mr4" aria-label="Store Directory - opens in a new window" target="_blank" rel="noopener noreferrer" href="/store/directory">Store Directory</a></li><li><a link-identifier="Careers" href="https://careers.walmart.com/" class="no-underline pointer f6 white mr4" aria-label="Careers - opens in a new window" target="_blank" rel="noopener noreferrer">Careers</a></li><li><a link-identifier="Our Company" href="https://corporate.walmart.com/" class="no-underline pointer f6 white mr4" aria-label="Our Company - opens in a new window" target="_blank" rel="noopener noreferrer">Our Company</a></li><li><a link-identifier="Sell on Walmart.com" href="https://marketplace.walmart.com/?utm_source=Walmart.com&amp;utm_medium=link&amp;utm_campaign=footer" class="no-underline pointer f6 white mr4" aria-label="Sell on Walmart.com - opens in a new window" target="_blank" rel="noopener noreferrer">Sell on Walmart.com</a></li><li><a link-identifier="Help" class="no-underline pointer f6 white mr4" href="/help">Help</a></li><li><a link-identifier="COVID-19 Vaccine Scheduler" href="https://www.walmart.com/cp/flu-shots-immunizations/1228302" class="no-underline pointer f6 white mr4">COVID-19 Vaccine Scheduler</a></li><li><a link-identifier="Product Recalls" href="https://corporate.walmart.com/recalls" class="no-underline pointer f6 white mr4" aria-label="Product Recalls - opens in a new window" target="_blank" rel="noopener noreferrer">Product Recalls</a></li><li><a link-identifier="Accessibility" href="https://www.walmart.com/help/article/responsible-disclosure-and-accessibility-policies/0f173dab8bd942da84b1cd7ab5ffc3cb" class="no-underline pointer f6 white mr4" aria-label="Accessibility - opens in a new window" target="_blank" rel="noopener noreferrer">Accessibility</a></li><li><a link-identifier="Tax Exempt Program" href="https://www.walmart.com/taxexempt/" class="no-underline pointer f6 white mr4" aria-label="Tax Exempt Program - opens in a new window" target="_blank" rel="noopener noreferrer">Tax Exempt Program</a></li><li><a link-identifier="Get the Walmart App" href="https://walmart.onelink.me/UIev?pid=walmart.com&amp;af_web_dp=https%3A%2F%2Fwww.walmart.com%2Fcp%2Fwalmart-mobile-app%2F1087865&amp;c=Walmart.com%20Site%20Footer&amp;af_dp=walmart%3A%2F%2F" class="no-underline pointer f6 white mr4">Get the Walmart App</a></li><li><a link-identifier="Sign-up for Email" href="https://www.walmart.com/account/communications-and-privacy?section=marketingemails" class="no-underline pointer f6 white mr4">Sign-up for Email</a></li><li><a link-identifier="Terms of Use" class="no-underline pointer f6 white mr4" href="/help/article/walmart-com-terms-of-use/3b75080af40340d6bbd596f116fae5a0">Terms of Use</a></li><li><a link-identifier="Privacy &amp; Security" href="https://corporate.walmart.com/privacy-security" class="no-underline pointer f6 white mr4" aria-label="Privacy &amp; Security - opens in a new window" target="_blank" rel="noopener noreferrer">Privacy &amp; Security</a></li><li><a link-identifier="CA Privacy Rights" href="https://corporate.walmart.com/privacy-security/california-privacy-rights" class="no-underline pointer f6 white mr4" aria-label="CA Privacy Rights - opens in a new window" target="_blank" rel="noopener noreferrer">CA Privacy Rights</a></li><li><a link-identifier="California Supply Chain Act" href="https://corporate.walmart.com/california-transparency" class="no-underline pointer f6 white mr4" aria-label="California Supply Chain Act - opens in a new window" target="_blank" rel="noopener noreferrer">California Supply Chain Act</a></li><li><a link-identifier="Do Not Sell My Personal Information" href="https://www.walmart.com/account/api/ccpa-intake?native=false&amp;app=gm&amp;type=sod" class="no-underline pointer f6 white mr4" aria-label="Do Not Sell My Personal Information - opens in a new window" target="_blank" rel="noopener noreferrer">Do Not Sell My Personal Information</a></li><li><a link-identifier="Request My Personal Information" href="https://www.walmart.com/account/api/ccpa-intake?native=false&amp;app=gm&amp;type=access" class="no-underline pointer f6 white" aria-label="Request My Personal Information - opens in a new window" target="_blank" rel="noopener noreferrer">Request My Personal Information</a></li></ul><div class="pt2 f7 lh-title tc white">© 2022 Walmart. All Rights Reserved.</div></div></footer></span></div></div></div><div aria-live="assertive"></div></div><script id="__NEXT_DATA__" type="application/json" nonce="G2YyF-qPlAwuzCFX">{"props":{"pageProps":{"initialData":{"data":{"contentLayout":{"modules":[{"configs":{"_rawConfigs":{"moduleLocation":"top"},"moduleLocation":"top","lazy":null,"ad":{"status":"SUCCESS","moduleType":"BuyBoxAd","platform":"DESKTOP","pageId":"677669806","pageType":"ITEM","storeId":"3081","stateCode":"CA","zipCode":"95829","pageContext":{"itemContext":{"itemId":"677669806","categoryPath":"0:976759:976787:1001390:5517955","categoryPathName":"Home Page/Food/Snacks, Cookies \u0026 Chips/Chips/Lay's Potato Chips","name":"Lay's Classic Potato Chips, Party Size, 13 oz Bag","brand":"Lay's","partTypeID":"","manufactureNumber":"","aaiaBrand":"","tireSize":"","speedRating":"","loadIndex":"","viscosity":"","type":"REGULAR","productTypeId":"397"}},"moduleConfigs":{"moduleLocation":"top"},"adsContext":{"locationContext":{"zipCode":"95829","stateCode":"CA","storeId":"3081","pickupStore":"3081","deliveryStore":"3081","intent":"SHIPPING","incatchment":true},"itemId":"677669806","categoryId":"976759_976787_1001390_5517955","categoryName":"Food/Snacks, Cookies \u0026 Chips/Chips/Lay's Potato Chips","brand":"Lay's","productName":"Lay's Classic Potato Chips, Party Size, 13 oz Bag","productTypeId":"397","normKeyword":"","verticalId":"","dedupeList":[""]},"adRequestComposite":{},"adContent":{"type":"SPONSORED_PRODUCTS","data":{"__typename":"SponsoredProducts","adUuid":"fd4698b4-4443-4dbb-aaca-89ef75c07104","adExpInfo":null,"moduleInfo":"{\"adExpId\":\"\",\"bucketId\":\"2245\"}","products":[{"usItemId":"13908695","offerId":"788A3225D58F407BBBA2772EE763A65E","badges":{"flags":null,"labels":null,"tags":[{"key":"PICKUP","text":"Pickup"},{"key":"DELIVERY","text":"Delivery"},{"key":"THREE_PLUS_DAY_SHIPPING","text":"3+ day shipping"}]},"priceInfo":{"priceDisplayCodes":{"rollback":null,"reducedPrice":null,"eligibleForAssociateDiscount":null,"clearance":null,"strikethrough":null,"submapType":null,"priceDisplayCondition":null,"unitOfMeasure":null,"pricePerUnitUom":null},"currentPrice":{"price":2.98,"priceString":"$2.98"},"wasPrice":null,"priceRange":null,"unitPrice":{"price":2.98,"priceString":"35.1 cents/OZ"}},"showOptions":false,"sponsoredProduct":{"spQs":"8ha_BMjzm5iAK1zjJqiE5meDitSRrL16Xpn2k9W2sFjrWlQYM5Yq-X8Tu3ge7RqfuOR4SsW9_sOf6vlN8uHQkFwaD2ES28wNnqMI5IEQf_YHvcRIiH7MH8Gz7g2JymKJ-5OQaZWQwDjTrGNN1rFFdf6zs_UcGG8OjlY-HZupfwOf9bLxqZSXAaY6mFRBVJNOTQdeBf1xCsu2QgUIbo7Jjg","clickBeacon":"https://wrd.walmart.com/track?rdf=0\u0026adUid=fd4698b4-4443-4dbb-aaca-89ef75c07104\u0026plmt=__plmt__\u0026tax=976759_976787_1001390_5517955\u0026pltfm=desktop\u0026eventST=__eventST__\u0026pgId=677669806\u0026spQs=8ha_BMjzm5iAK1zjJqiE5meDitSRrL16Xpn2k9W2sFjrWlQYM5Yq-X8Tu3ge7RqfuOR4SsW9_sOf6vlN8uHQkFwaD2ES28wNnqMI5IEQf_YHvcRIiH7MH8Gz7g2JymKJ-5OQaZWQwDjTrGNN1rFFdf6zs_UcGG8OjlY-HZupfwOf9bLxqZSXAaY6mFRBVJNOTQdeBf1xCsu2QgUIbo7Jjg\u0026storeId=3081\u0026pt=item\u0026pos=__pos__\u0026bt=__bt__\u0026mloc=sp-item-top\u0026bkt=2245","spTags":null},"canonicalUrl":null,"numberOfReviews":1579,"averageRating":4.7,"availabilityStatus":"IN_STOCK","imageInfo":{"thumbnailUrl":"https://i5.walmartimages.com/asr/5f74f445-72da-404e-a857-4440296f6f02.f82579d386b20d859c50cc50879b0f55.jpeg","allImages":null},"name":"Kettle Brand Potato Chips, Jalapeno Kettle Chips, 8.5 Oz","fulfillmentBadge":null,"classType":"REGULAR","type":"REGULAR","showAtc":true,"p13nData":{"predictedQuantity":null,"flags":null,"labels":null}}]}}}},"moduleId":"ddc1943c-88b6-4184-b5ba-7b932e1c1cd3","matchedTrigger":{"pageType":"ItemPageGlobal","pageId":"global_evergreen","zone":"contentZone15","inheritable":false},"name":"BuyBoxAds-dweb","type":"BuyBoxAd","version":1,"status":"published","publishedDate":1620938113585},{"configs":{"expandedOnPageLoad":"True"},"moduleId":"6dd5a56e-d5ce-4401-af8c-1726e7dd8b2a","matchedTrigger":{"pageType":"ItemPageGlobal","pageId":"global_evergreen","zone":"contentZone11","inheritable":false},"name":"General Warnings Placeholder","type":"GeneralWarningsPlaceholder","version":9,"status":"published","publishedDate":1637016103001},{"configs":{"products":[{"badges":{"flags":null,"labels":[],"tags":[{"__typename":"BaseBadge","id":"L1001","text":"Pickup","key":"PICKUP"},{"__typename":"BaseBadge","id":"L1002","text":"Delivery","key":"DELIVERY"}]},"canonicalUrl":"/ip/Lay-s-Potato-Chips-Lightly-Salted-Classic-12-5-Oz/772029598?athcpid=772029598\u0026athpgid=AthenaItempage\u0026athcgid=null\u0026athznid=si\u0026athieid=v0\u0026athstid=CS004\u0026athguid=dFbuW_C9pKPEKYPZtumOU3QreyHeca--UhpN\u0026athancid=null\u0026athena=true","canAddToCart":true,"type":"REGULAR","hiddenSwatchesCount":0,"flag":null,"fulfillmentBadges":["Pickup","Delivery"],"fulfillmentSpeed":"Today","fulfillmentBadge":"Today","fulfillmentTitle":"title_store_delivery","fulfillmentType":"STORE","groupMetaData":null,"itemType":null,"id":"772029598","usItemId":"772029598","image":"https://i5.walmartimages.com/asr/0c2e79e3-b8b2-46ac-9407-172db44ce1b3.0e56e44da418275ceae31c7f0c71a0b1.jpeg","isVariantTypeSwatch":false,"isOutOfStock":false,"isSponsoredFlag":false,"sponsoredProduct":null,"maxVisibleSwatchCount":4,"name":"Lay's Potato Chips Lightly Salted Classic 12.5 Oz","offerId":"C3F44F5745B14DD19990ACFF7A0C3C49","orderMinLimit":1,"orderLimit":12,"price":4.48,"preOrder":{"isPreOrder":false},"priceInfo":{"finalCostByWeight":null,"itemPrice":null,"linePrice":"$4.48","minPriceForVariant":null,"priceDisplayCondition":null,"reducedPrice":false,"showItemPrice":true,"unitPrice":"35.8 ¢/oz","wasPrice":"$5.89","subscriptionPrice":null},"rating":{"averageRating":4.3,"numberOfReviews":430},"rhPath":null,"salesUnit":"Each","shipMethod":"","shippingOption":{"shipMethod":""},"showOptions":false,"slaTier":"SAME_DAY","sellerName":"","sellerId":"F55CDC31AB754BB68FE0B39041159D63","hasSellerBadge":null,"seller":{"name":"","id":""},"variantList":[]},{"badges":{"flags":null,"labels":[],"tags":[{"__typename":"BaseBadge","id":"L1005","text":"3+ day shipping","key":"THREE_PLUS_DAY_SHIPPING"}]},"canonicalUrl":"/ip/Bugles-Crispy-Corn-Snacks-Original-Flavor-Snack-Bag-8-75-oz/367648982?athcpid=367648982\u0026athpgid=AthenaItempage\u0026athcgid=null\u0026athznid=si\u0026athieid=v0\u0026athstid=CS099\u0026athguid=dFbuW_C9pKPEKYPZtumOU3QreyHeca--UhpN\u0026athancid=null\u0026athena=true","canAddToCart":true,"type":"REGULAR","hiddenSwatchesCount":0,"flag":null,"fulfillmentBadges":["3+ day shipping"],"fulfillmentSpeed":null,"fulfillmentBadge":null,"fulfillmentTitle":"title_shipToHome_date_delivery","fulfillmentType":"FC","groupMetaData":null,"itemType":null,"id":"367648982","usItemId":"367648982","image":"https://i5.walmartimages.com/asr/bf7bfca2-43ef-4d27-9ed2-5274e0408a40.2920b6a819a27ad971ab329760313804.jpeg","isVariantTypeSwatch":false,"isOutOfStock":false,"isSponsoredFlag":true,"sponsoredProduct":{"spQs":"qjv2J51tkA64o3WUZWMmjzm95gG6xrfIsV_438rPqQTufTmEJxR802nCoHL99j5E4uxIzdQqGsdcmuRawK7OSM2AeEN1aWZhIuUWD74WnJc","clickBeacon":"https://wrd.walmart.com/track?storeId=3081\u0026adUid=dFbuW_C9pKPEKYPZtumOU3QreyHeca--UhpN\u0026bt=__bt__\u0026pgId=677669806\u0026pos=__pos__\u0026spQs=qjv2J51tkA64o3WUZWMmjzm95gG6xrfIsV_438rPqQTufTmEJxR802nCoHL99j5E4uxIzdQqGsdcmuRawK7OSM2AeEN1aWZhIuUWD74WnJc\u0026eventST=__eventST__\u0026plmt=__plmt__\u0026rdf=0\u0026tax=__tax__\u0026pltfm=desktop\u0026pt=item\u0026mloc=sp-item-p13n","spTags":null},"maxVisibleSwatchCount":4,"name":"Bugles Crispy Corn Snacks, Original Flavor, Snack Bag, 8.75 oz","offerId":"67FD212372774B7CA87C85A83C2E7B15","orderMinLimit":1,"orderLimit":12,"price":5.7,"preOrder":{"isPreOrder":false},"priceInfo":{"finalCostByWeight":null,"itemPrice":null,"linePrice":"$5.70","minPriceForVariant":null,"priceDisplayCondition":null,"reducedPrice":false,"showItemPrice":true,"unitPrice":"65.1 ¢/oz","wasPrice":null,"subscriptionPrice":null},"rating":{"averageRating":4.6,"numberOfReviews":247},"rhPath":null,"salesUnit":"Each","shipMethod":"","shippingOption":{"shipMethod":""},"showOptions":false,"slaTier":"THREE_TO_FIVE_DAY","sellerName":"","sellerId":"F55CDC31AB754BB68FE0B39041159D63","hasSellerBadge":null,"seller":{"name":"","id":""},"variantList":[]},{"badges":{"flags":null,"labels":[],"tags":[{"__typename":"BaseBadge","id":"L1001","text":"Pickup","key":"PICKUP"},{"__typename":"BaseBadge","id":"L1002","text":"Delivery","key":"DELIVERY"},{"__typename":"BaseBadge","id":"L1005","text":"3+ day shipping","key":"THREE_PLUS_DAY_SHIPPING"}]},"canonicalUrl":"/ip/Bugles-Crispy-Corn-Snacks-Nacho-Cheese-Family-Size-Snack-Bag-14-5-oz/39360123?athcpid=39360123\u0026athpgid=AthenaItempage\u0026athcgid=null\u0026athznid=si\u0026athieid=v0\u0026athstid=CS099\u0026athguid=dFbuW_C9pKPEKYPZtumOU3QreyHeca--UhpN\u0026athancid=null\u0026athena=true","canAddToCart":true,"type":"VARIANT","hiddenSwatchesCount":0,"flag":null,"fulfillmentBadges":["Pickup","Delivery","3+ day shipping"],"fulfillmentSpeed":"Today","fulfillmentBadge":"Today","fulfillmentTitle":"title_store_delivery","fulfillmentType":"STORE","groupMetaData":null,"itemType":null,"id":"39360123","usItemId":"39360123","image":"https://i5.walmartimages.com/asr/c876b426-ab90-41c6-a16d-cd90c54451a2.96e27943e75178df402e02fb2d0e70ba.jpeg","isVariantTypeSwatch":false,"isOutOfStock":false,"isSponsoredFlag":true,"sponsoredProduct":{"spQs":"qjv2J51tkA64o3WUZWMmj6Z9bHp14iIdNroRYWJTqqYAfiq3PHa2EQStEctl-gD-KBMIwIJpG0fyVkZleMSSonmZFBoZnxJYtzOnw1g8Uig","clickBeacon":"https://wrd.walmart.com/track?storeId=3081\u0026adUid=dFbuW_C9pKPEKYPZtumOU3QreyHeca--UhpN\u0026bt=__bt__\u0026pgId=677669806\u0026pos=__pos__\u0026spQs=qjv2J51tkA64o3WUZWMmj6Z9bHp14iIdNroRYWJTqqYAfiq3PHa2EQStEctl-gD-KBMIwIJpG0fyVkZleMSSonmZFBoZnxJYtzOnw1g8Uig\u0026eventST=__eventST__\u0026plmt=__plmt__\u0026rdf=0\u0026tax=__tax__\u0026pltfm=desktop\u0026pt=item\u0026mloc=sp-item-p13n","spTags":null},"maxVisibleSwatchCount":4,"name":"Bugles Crispy Corn Snacks, Nacho Cheese, Family Size Snack Bag, 14.5 oz","offerId":"B9D3BF3205D84785A81ABAA1EBAF650E","orderMinLimit":1,"orderLimit":18,"price":3.53,"preOrder":{"isPreOrder":false},"priceInfo":{"finalCostByWeight":null,"itemPrice":null,"linePrice":"$3.53","minPriceForVariant":null,"priceDisplayCondition":null,"reducedPrice":false,"showItemPrice":true,"unitPrice":"24.3 ¢/oz","wasPrice":null,"subscriptionPrice":null},"rating":{"averageRating":4.5,"numberOfReviews":72},"rhPath":null,"salesUnit":"EACH","shipMethod":"","shippingOption":{"shipMethod":""},"showOptions":false,"slaTier":"SAME_DAY","sellerName":"","sellerId":"F55CDC31AB754BB68FE0B39041159D63","hasSellerBadge":null,"seller":{"name":"","id":""},"variantList":[]},{"badges":{"flags":null,"labels":[],"tags":[{"__typename":"BaseBadge","id":"L1001","text":"Pickup","key":"PICKUP"},{"__typename":"BaseBadge","id":"L1002","text":"Delivery","key":"DELIVERY"},{"__typename":"BaseBadge","id":"L1005","text":"3+ day shipping","key":"THREE_PLUS_DAY_SHIPPING"}]},"canonicalUrl":"/ip/Lay-s-Wavy-Original-Potato-Chips-Party-Size-13-oz-Bag/652141083?athcpid=652141083\u0026athpgid=AthenaItempage\u0026athcgid=null\u0026athznid=si\u0026athieid=v0\u0026athstid=CS004\u0026athguid=dFbuW_C9pKPEKYPZtumOU3QreyHeca--UhpN\u0026athancid=null\u0026athena=true","canAddToCart":false,"type":"BVSHELL","hiddenSwatchesCount":0,"flag":null,"fulfillmentBadges":["Pickup","Delivery","3+ day shipping"],"fulfillmentSpeed":"Today","fulfillmentBadge":"Today","fulfillmentTitle":"title_store_delivery","fulfillmentType":"STORE","groupMetaData":null,"itemType":null,"id":"652141083","usItemId":"652141083","image":"https://i5.walmartimages.com/asr/81559d4c-aa19-4858-97c5-158841d729a3.4ea62378814b1e82bc7fb3a92c7a7827.jpeg","isVariantTypeSwatch":false,"isOutOfStock":false,"isSponsoredFlag":false,"sponsoredProduct":null,"maxVisibleSwatchCount":4,"name":"Lay's Wavy Original Potato Chips, Party Size, 13 oz Bag","offerId":"037F6B5D35E244AFBE9EA2E30BA76EEC","orderMinLimit":1,"orderLimit":12,"preOrder":{"isPreOrder":false},"priceInfo":{"finalCostByWeight":null,"itemPrice":null,"minPriceForVariant":"$4.48","priceDisplayCondition":null,"reducedPrice":false,"showItemPrice":true,"unitPrice":null,"wasPrice":null,"subscriptionPrice":null},"rating":{"averageRating":4.2,"numberOfReviews":662},"rhPath":null,"salesUnit":"EACH","shipMethod":"","shippingOption":{"shipMethod":""},"showOptions":true,"slaTier":"SAME_DAY","sellerName":"","sellerId":"F55CDC31AB754BB68FE0B39041159D63","hasSellerBadge":null,"seller":{"name":"","id":""},"variantList":[null,null]},{"badges":{"flags":null,"labels":[],"tags":[{"__typename":"BaseBadge","id":"L1004","text":"2-day shipping","key":"TWO_DAY_SHIPPING"}]},"canonicalUrl":"/ip/Lay-s-Classic-Potato-Chips-1-oz-Bags-10-Count/180906867?athcpid=180906867\u0026athpgid=AthenaItempage\u0026athcgid=null\u0026athznid=si\u0026athieid=v0\u0026athstid=CS004\u0026athguid=dFbuW_C9pKPEKYPZtumOU3QreyHeca--UhpN\u0026athancid=null\u0026athena=true","canAddToCart":true,"type":"REGULAR","hiddenSwatchesCount":0,"flag":null,"fulfillmentBadges":["2-day shipping"],"fulfillmentSpeed":"2 days","fulfillmentBadge":"2 days","fulfillmentTitle":"title_shipToHome_not_available","fulfillmentType":"MARKETPLACE","groupMetaData":null,"itemType":null,"id":"180906867","usItemId":"180906867","image":"https://i5.walmartimages.com/asr/dd02c3e4-f630-4d94-882a-f861af27d699.ca4606c54f686a575d2a7be72018886f.jpeg","isVariantTypeSwatch":false,"isOutOfStock":false,"isSponsoredFlag":false,"sponsoredProduct":null,"maxVisibleSwatchCount":4,"name":"Lay's Classic Potato Chips, 1 oz Bags, 10 Count","offerId":"382C439054F54F2886CE194C154E5775","orderMinLimit":1,"orderLimit":12,"price":16.99,"preOrder":{"isPreOrder":false},"priceInfo":{"finalCostByWeight":null,"itemPrice":null,"linePrice":"$16.99","minPriceForVariant":null,"priceDisplayCondition":null,"reducedPrice":false,"showItemPrice":true,"unitPrice":null,"wasPrice":null,"subscriptionPrice":null},"rating":{"averageRating":4.6,"numberOfReviews":441},"rhPath":null,"salesUnit":"Each","shipMethod":"","shippingOption":{"shipMethod":""},"showOptions":false,"slaTier":"","sellerName":"","sellerId":"9B15DEF332624B89B26CB7C19E90F611","hasSellerBadge":null,"seller":{"name":"","id":""},"variantList":[]},{"badges":{"flags":null,"labels":[],"tags":[{"__typename":"BaseBadge","id":"L1001","text":"Pickup","key":"PICKUP"},{"__typename":"BaseBadge","id":"L1002","text":"Delivery","key":"DELIVERY"},{"__typename":"BaseBadge","id":"L1005","text":"3+ day shipping","key":"THREE_PLUS_DAY_SHIPPING"}]},"canonicalUrl":"/ip/Lay-s-Potato-Chips-Barbecue-Flavored-12-5-oz/198082763?athcpid=198082763\u0026athpgid=AthenaItempage\u0026athcgid=null\u0026athznid=si\u0026athieid=v0\u0026athstid=CS004\u0026athguid=dFbuW_C9pKPEKYPZtumOU3QreyHeca--UhpN\u0026athancid=null\u0026athena=true","canAddToCart":true,"type":"REGULAR","hiddenSwatchesCount":0,"flag":null,"fulfillmentBadges":["Pickup","Delivery","3+ day shipping"],"fulfillmentSpeed":"Today","fulfillmentBadge":"Today","fulfillmentTitle":"title_store_delivery","fulfillmentType":"STORE","groupMetaData":null,"itemType":null,"id":"198082763","usItemId":"198082763","image":"https://i5.walmartimages.com/asr/b961098e-51cb-4966-beb7-d79dc059d1e4.f124b2113fe193f62eb0e62a85349b33.jpeg","isVariantTypeSwatch":false,"isOutOfStock":false,"isSponsoredFlag":false,"sponsoredProduct":null,"maxVisibleSwatchCount":4,"name":"Lay's Potato Chips, Barbecue Flavored, 12.5 oz","offerId":"820E8F4419814C40B9AA80C2214F64AC","orderMinLimit":1,"orderLimit":12,"price":4.48,"preOrder":{"isPreOrder":false},"priceInfo":{"finalCostByWeight":null,"itemPrice":null,"linePrice":"$4.48","minPriceForVariant":null,"priceDisplayCondition":null,"reducedPrice":false,"showItemPrice":true,"unitPrice":"35.8 ¢/oz","wasPrice":null,"subscriptionPrice":null},"rating":{"averageRating":4.3,"numberOfReviews":653},"rhPath":null,"salesUnit":"Each","shipMethod":"","shippingOption":{"shipMethod":""},"showOptions":false,"slaTier":"SAME_DAY","sellerName":"","sellerId":"F55CDC31AB754BB68FE0B39041159D63","hasSellerBadge":null,"seller":{"name":"","id":""},"variantList":[]},{"badges":{"flags":null,"labels":[],"tags":[{"__typename":"BaseBadge","id":"L1001","text":"Pickup","key":"PICKUP"},{"__typename":"BaseBadge","id":"L1002","text":"Delivery","key":"DELIVERY"}]},"canonicalUrl":"/col/Pringles-Potato-Crisps-Chips-Lunch-Snacks-Snacks-On-The-Go-Original-5-2-Oz-Can/47217461?athcpid=47217461\u0026athpgid=AthenaItempage\u0026athcgid=null\u0026athznid=si\u0026athieid=v0\u0026athstid=CS004\u0026athguid=dFbuW_C9pKPEKYPZtumOU3QreyHeca--UhpN\u0026athancid=null\u0026athena=true","canAddToCart":true,"type":"VARIANT","hiddenSwatchesCount":0,"flag":null,"fulfillmentBadges":["Pickup","Delivery"],"fulfillmentSpeed":"Today","fulfillmentBadge":"Today","fulfillmentTitle":"title_store_delivery","fulfillmentType":"STORE","groupMetaData":null,"itemType":null,"id":"47217461","usItemId":"47217461","image":"https://i5.walmartimages.com/asr/ebd481f0-3090-40ee-9483-95c2d00d245d.7884bedd3856bdfd3cab3d162b2f9c27.jpeg","isVariantTypeSwatch":false,"isOutOfStock":false,"isSponsoredFlag":false,"sponsoredProduct":null,"maxVisibleSwatchCount":4,"name":"Pringles Potato Crisps Chips, Lunch Snacks, Snacks On The Go, Original, 5.2 Oz, Can","offerId":"5F305384A2A2436F8276A893FDCA2D54","orderMinLimit":1,"orderLimit":12,"price":1.78,"preOrder":{"isPreOrder":false},"priceInfo":{"finalCostByWeight":null,"itemPrice":null,"linePrice":"$1.78","minPriceForVariant":null,"priceDisplayCondition":null,"reducedPrice":false,"showItemPrice":true,"unitPrice":"34.2 ¢/oz","wasPrice":null,"subscriptionPrice":null},"rating":{"averageRating":4.3,"numberOfReviews":1772},"rhPath":null,"salesUnit":"EACH","shipMethod":"","shippingOption":{"shipMethod":""},"showOptions":false,"slaTier":"SAME_DAY","sellerName":"","sellerId":"F55CDC31AB754BB68FE0B39041159D63","hasSellerBadge":null,"seller":{"name":"","id":""},"variantList":[]},{"badges":{"flags":[{"__typename":"BaseBadge","id":"L1300","text":"Rollback","key":"ROLLBACK","query":null,"type":"LABEL"}],"labels":[],"tags":[{"__typename":"BaseBadge","id":"L1005","text":"3+ day shipping","key":"THREE_PLUS_DAY_SHIPPING"}]},"canonicalUrl":"/ip/Doritos-Cool-Ranch-Flavored-Tortilla-Chips-Party-Size-15-oz-Bag/148724440?athcpid=148724440\u0026athpgid=AthenaItempage\u0026athcgid=null\u0026athznid=si\u0026athieid=v0\u0026athstid=CS004\u0026athguid=dFbuW_C9pKPEKYPZtumOU3QreyHeca--UhpN\u0026athancid=null\u0026athena=true\u0026athbdg=L1300","canAddToCart":false,"type":"BVSHELL","hiddenSwatchesCount":0,"flag":"Rollback","fulfillmentBadges":["3+ day shipping"],"fulfillmentSpeed":null,"fulfillmentBadge":null,"fulfillmentTitle":"title_shipToHome_date_delivery","fulfillmentType":"FC","groupMetaData":null,"itemType":null,"id":"148724440","usItemId":"148724440","image":"https://i5.walmartimages.com/asr/76507964-f892-4219-a379-0e523d5e5ae9_1.58e1847f458cd80be3fa84d829029426.jpeg","isVariantTypeSwatch":false,"isOutOfStock":false,"isSponsoredFlag":false,"sponsoredProduct":null,"maxVisibleSwatchCount":4,"name":"Doritos Cool Ranch Flavored Tortilla Chips, Party Size, 15 oz Bag","offerId":"C805A16C09EA46A98C5BBD7822B35230","orderMinLimit":1,"orderLimit":1,"price":3.98,"preOrder":{"isPreOrder":false},"priceInfo":{"finalCostByWeight":null,"itemPrice":null,"linePrice":"$3.98","minPriceForVariant":null,"priceDisplayCondition":null,"reducedPrice":false,"showItemPrice":true,"unitPrice":"26.5 ¢/oz","wasPrice":"$9.99","subscriptionPrice":null},"rating":{"averageRating":4.4,"numberOfReviews":635},"rhPath":null,"salesUnit":"Each","shipMethod":"","shippingOption":{"shipMethod":""},"showOptions":true,"slaTier":"THREE_TO_FIVE_DAY","sellerName":"","sellerId":"F55CDC31AB754BB68FE0B39041159D63","hasSellerBadge":null,"seller":{"name":"","id":""},"variantList":[]},{"badges":{"flags":[{"__typename":"BaseBadge","id":"L1600","text":"Best seller","key":"BESTSELLER","query":null,"type":"LABEL"}],"labels":[],"tags":[{"__typename":"BaseBadge","id":"L1001","text":"Pickup","key":"PICKUP"},{"__typename":"BaseBadge","id":"L1002","text":"Delivery","key":"DELIVERY"},{"__typename":"BaseBadge","id":"L1005","text":"3+ day shipping","key":"THREE_PLUS_DAY_SHIPPING"}]},"canonicalUrl":"/ip/Tostitos-Scoops-Tortilla-Chips-Party-Size-14-5-oz-Bag/11027423?athcpid=11027423\u0026athpgid=AthenaItempage\u0026athcgid=null\u0026athznid=si\u0026athieid=v0\u0026athstid=CS004\u0026athguid=dFbuW_C9pKPEKYPZtumOU3QreyHeca--UhpN\u0026athancid=null\u0026athena=true\u0026athbdg=L1600","canAddToCart":true,"type":"REGULAR","hiddenSwatchesCount":0,"flag":null,"fulfillmentBadges":["Pickup","Delivery","3+ day shipping"],"fulfillmentSpeed":"Today","fulfillmentBadge":"Today","fulfillmentTitle":"title_store_delivery","fulfillmentType":"STORE","groupMetaData":null,"itemType":null,"id":"11027423","usItemId":"11027423","image":"https://i5.walmartimages.com/asr/652e1ef0-c1b2-4c66-9d7c-448d0b1af060.25c69aa11df21e07c04c0880f158c87d.jpeg","isVariantTypeSwatch":false,"isOutOfStock":false,"isSponsoredFlag":false,"sponsoredProduct":null,"maxVisibleSwatchCount":4,"name":"Tostitos Scoops! Tortilla Chips Party Size, 14.5 oz Bag","offerId":"DD71170E05574526B2CA25572518ECE6","orderMinLimit":1,"orderLimit":18,"price":4.48,"preOrder":{"isPreOrder":false},"priceInfo":{"finalCostByWeight":null,"itemPrice":null,"linePrice":"$4.48","minPriceForVariant":null,"priceDisplayCondition":null,"reducedPrice":false,"showItemPrice":true,"unitPrice":"30.9 ¢/oz","wasPrice":null,"subscriptionPrice":null},"rating":{"averageRating":4.3,"numberOfReviews":1634},"rhPath":null,"salesUnit":"Each","shipMethod":"","shippingOption":{"shipMethod":""},"showOptions":false,"slaTier":"SAME_DAY","sellerName":"","sellerId":"F55CDC31AB754BB68FE0B39041159D63","hasSellerBadge":null,"seller":{"name":"","id":""},"variantList":[]},{"badges":{"flags":null,"labels":[],"tags":[{"__typename":"BaseBadge","id":"L1005","text":"3+ day shipping","key":"THREE_PLUS_DAY_SHIPPING"}]},"canonicalUrl":"/ip/Ruffles-Original-Potato-Chips-Party-Size-13-5-oz-Bag/447930606?athcpid=447930606\u0026athpgid=AthenaItempage\u0026athcgid=null\u0026athznid=si\u0026athieid=v0\u0026athstid=CS004\u0026athguid=dFbuW_C9pKPEKYPZtumOU3QreyHeca--UhpN\u0026athancid=null\u0026athena=true","canAddToCart":false,"type":"BVSHELL","hiddenSwatchesCount":0,"flag":null,"fulfillmentBadges":["3+ day shipping"],"fulfillmentSpeed":null,"fulfillmentBadge":null,"fulfillmentTitle":"title_shipToHome_date_delivery","fulfillmentType":"FC","groupMetaData":null,"itemType":null,"id":"447930606","usItemId":"447930606","image":"https://i5.walmartimages.com/asr/971c7e44-0568-47c4-a8d8-ae58259539e8_1.c3b192fe6d4697cd2eec7be620b51fe9.jpeg","isVariantTypeSwatch":false,"isOutOfStock":false,"isSponsoredFlag":false,"sponsoredProduct":null,"maxVisibleSwatchCount":4,"name":"Ruffles Original Potato Chips, Party Size, 13.5 oz Bag","offerId":"6846DF356B874E389644CA998F4634C2","orderMinLimit":1,"orderLimit":1,"preOrder":{"isPreOrder":false},"priceInfo":{"finalCostByWeight":null,"itemPrice":null,"minPriceForVariant":"From $3.98","priceDisplayCondition":null,"reducedPrice":false,"showItemPrice":true,"unitPrice":null,"wasPrice":null,"subscriptionPrice":null},"rating":{"averageRating":4.4,"numberOfReviews":414},"rhPath":null,"salesUnit":"EACH","shipMethod":"","shippingOption":{"shipMethod":""},"showOptions":true,"slaTier":"THREE_TO_FIVE_DAY","sellerName":"","sellerId":"F55CDC31AB754BB68FE0B39041159D63","hasSellerBadge":null,"seller":{"name":"","id":""},"variantList":[null,null]},{"badges":{"flags":null,"labels":[],"tags":[{"__typename":"BaseBadge","id":"L1001","text":"Pickup","key":"PICKUP"},{"__typename":"BaseBadge","id":"L1002","text":"Delivery","key":"DELIVERY"},{"__typename":"BaseBadge","id":"L1005","text":"3+ day shipping","key":"THREE_PLUS_DAY_SHIPPING"}]},"canonicalUrl":"/ip/SunChips-Whole-Grain-Snacks-Original-7-oz/31954395?athcpid=31954395\u0026athpgid=AthenaItempage\u0026athcgid=null\u0026athznid=si\u0026athieid=v0\u0026athstid=CS004\u0026athguid=dFbuW_C9pKPEKYPZtumOU3QreyHeca--UhpN\u0026athancid=null\u0026athena=true","canAddToCart":true,"type":"REGULAR","hiddenSwatchesCount":0,"flag":null,"fulfillmentBadges":["Pickup","Delivery","3+ day shipping"],"fulfillmentSpeed":"Today","fulfillmentBadge":"Today","fulfillmentTitle":"title_store_delivery","fulfillmentType":"STORE","groupMetaData":null,"itemType":null,"id":"31954395","usItemId":"31954395","image":"https://i5.walmartimages.com/asr/0a67e30f-d84d-4005-be32-f0701abb3361_1.e8953dc8d8ade70ca1a37cc800fb3f5e.jpeg","isVariantTypeSwatch":false,"isOutOfStock":false,"isSponsoredFlag":false,"sponsoredProduct":null,"maxVisibleSwatchCount":4,"name":"SunChips Whole Grain Snacks, Original, 7 oz","offerId":"808B99F8C8764AA9B4D484E4C0D4059E","orderMinLimit":1,"orderLimit":18,"price":3.28,"preOrder":{"isPreOrder":false},"priceInfo":{"finalCostByWeight":null,"itemPrice":null,"linePrice":"$3.28","minPriceForVariant":null,"priceDisplayCondition":null,"reducedPrice":false,"showItemPrice":true,"unitPrice":"46.9 ¢/oz","wasPrice":null,"subscriptionPrice":null},"rating":{"averageRating":4.4,"numberOfReviews":487},"rhPath":null,"salesUnit":"Each","shipMethod":"","shippingOption":{"shipMethod":""},"showOptions":false,"slaTier":"SAME_DAY","sellerName":"","sellerId":"F55CDC31AB754BB68FE0B39041159D63","hasSellerBadge":null,"seller":{"name":"","id":""},"variantList":[]},{"badges":{"flags":null,"labels":[],"tags":[{"__typename":"BaseBadge","id":"L1005","text":"3+ day shipping","key":"THREE_PLUS_DAY_SHIPPING"}]},"canonicalUrl":"/ip/Cape-Cod-Potato-Kettle-Chips-Less-Fat-Original-14-Oz-Party-Size/52796389?athcpid=52796389\u0026athpgid=AthenaItempage\u0026athcgid=null\u0026athznid=si\u0026athieid=v0\u0026athstid=CS004\u0026athguid=dFbuW_C9pKPEKYPZtumOU3QreyHeca--UhpN\u0026athancid=null\u0026athena=true","canAddToCart":true,"type":"REGULAR","hiddenSwatchesCount":0,"flag":null,"fulfillmentBadges":["3+ day shipping"],"fulfillmentSpeed":null,"fulfillmentBadge":null,"fulfillmentTitle":"title_shipToHome_date_delivery","fulfillmentType":"FC","groupMetaData":null,"itemType":null,"id":"52796389","usItemId":"52796389","image":"https://i5.walmartimages.com/asr/afd3baa0-adb1-42a2-9f84-72dcafd97405.21f583d62ec6fa7d2c5f832e46550d32.jpeg","isVariantTypeSwatch":false,"isOutOfStock":false,"isSponsoredFlag":false,"sponsoredProduct":null,"maxVisibleSwatchCount":4,"name":"Cape Cod Potato Kettle Chips, Less Fat Original, 14 Oz Party Size","offerId":"D0E825F055C14E61915215FEFC410409","orderMinLimit":1,"orderLimit":12,"price":4.48,"preOrder":{"isPreOrder":false},"priceInfo":{"finalCostByWeight":null,"itemPrice":null,"linePrice":"$4.48","minPriceForVariant":null,"priceDisplayCondition":null,"reducedPrice":false,"showItemPrice":true,"unitPrice":"32.0 ¢/oz","wasPrice":null,"subscriptionPrice":null},"rating":{"averageRating":4.6,"numberOfReviews":354},"rhPath":null,"salesUnit":"Each","shipMethod":"","shippingOption":{"shipMethod":""},"showOptions":false,"slaTier":"THREE_TO_FIVE_DAY","sellerName":"","sellerId":"F55CDC31AB754BB68FE0B39041159D63","hasSellerBadge":null,"seller":{"name":"","id":""},"variantList":[]},{"badges":{"flags":[{"__typename":"BaseBadge","id":"L1600","text":"Best seller","key":"BESTSELLER","query":null,"type":"LABEL"}],"labels":[],"tags":[{"__typename":"BaseBadge","id":"L1001","text":"Pickup","key":"PICKUP"},{"__typename":"BaseBadge","id":"L1002","text":"Delivery","key":"DELIVERY"}]},"canonicalUrl":"/ip/Pringles-Potato-Crisps-Chips-Lunch-Snacks-On-The-Go-Snacks-Sour-Cream-and-Onion-5-5-Oz-Can/108065286?athcpid=108065286\u0026athpgid=AthenaItempage\u0026athcgid=null\u0026athznid=si\u0026athieid=v0\u0026athstid=CS004\u0026athguid=dFbuW_C9pKPEKYPZtumOU3QreyHeca--UhpN\u0026athancid=null\u0026athena=true\u0026athbdg=L1600","canAddToCart":true,"type":"VARIANT","hiddenSwatchesCount":0,"flag":null,"fulfillmentBadges":["Pickup","Delivery"],"fulfillmentSpeed":"Today","fulfillmentBadge":"Today","fulfillmentTitle":"title_store_delivery","fulfillmentType":"STORE","groupMetaData":null,"itemType":null,"id":"108065286","usItemId":"108065286","image":"https://i5.walmartimages.com/asr/0080a304-703e-445d-9fd0-d3ec23ae4665.3f2af747cf6b3a709f64bbfb50471084.jpeg","isVariantTypeSwatch":false,"isOutOfStock":false,"isSponsoredFlag":false,"sponsoredProduct":null,"maxVisibleSwatchCount":4,"name":"Pringles Potato Crisps Chips, Lunch Snacks, On The Go Snacks, Sour Cream and Onion, 5.5 Oz, Can","offerId":"2A0AD36E09884FE2B9B4C605B32FAEE9","orderMinLimit":1,"orderLimit":12,"price":1.78,"preOrder":{"isPreOrder":false},"priceInfo":{"finalCostByWeight":null,"itemPrice":null,"linePrice":"$1.78","minPriceForVariant":null,"priceDisplayCondition":null,"reducedPrice":false,"showItemPrice":true,"unitPrice":"32.4 ¢/oz","wasPrice":null,"subscriptionPrice":null},"rating":{"averageRating":4.3,"numberOfReviews":1256},"rhPath":null,"salesUnit":"EACH","shipMethod":"","shippingOption":{"shipMethod":""},"showOptions":false,"slaTier":"SAME_DAY","sellerName":"","sellerId":"F55CDC31AB754BB68FE0B39041159D63","hasSellerBadge":null,"seller":{"name":"","id":""},"variantList":[]},{"badges":{"flags":null,"labels":[],"tags":[{"__typename":"BaseBadge","id":"L1001","text":"Pickup","key":"PICKUP"},{"__typename":"BaseBadge","id":"L1002","text":"Delivery","key":"DELIVERY"}]},"canonicalUrl":"/ip/Lay-s-Classic-Potato-Chips-2-625-oz-Bag/746675209?athcpid=746675209\u0026athpgid=AthenaItempage\u0026athcgid=null\u0026athznid=si\u0026athieid=v0\u0026athstid=CS004\u0026athguid=dFbuW_C9pKPEKYPZtumOU3QreyHeca--UhpN\u0026athancid=null\u0026athena=true","canAddToCart":true,"type":"REGULAR","hiddenSwatchesCount":0,"flag":null,"fulfillmentBadges":["Pickup","Delivery"],"fulfillmentSpeed":"Today","fulfillmentBadge":"Today","fulfillmentTitle":"title_store_delivery","fulfillmentType":"STORE","groupMetaData":null,"itemType":null,"id":"746675209","usItemId":"746675209","image":"https://i5.walmartimages.com/asr/ea6210c2-db04-44e6-a71d-8c49a0e98987_1.0d4649fac8e298d0723607cb9923d2bd.jpeg","isVariantTypeSwatch":false,"isOutOfStock":false,"isSponsoredFlag":false,"sponsoredProduct":null,"maxVisibleSwatchCount":4,"name":"Lay's Classic Potato Chips, 2.625 oz Bag","offerId":"AA86787AAE7641FB8F010E0E9C3DB6C1","orderMinLimit":1,"orderLimit":12,"price":1.98,"preOrder":{"isPreOrder":false},"priceInfo":{"finalCostByWeight":null,"itemPrice":null,"linePrice":"$1.98","minPriceForVariant":null,"priceDisplayCondition":null,"reducedPrice":false,"showItemPrice":true,"unitPrice":"75.3 ¢/oz","wasPrice":null,"subscriptionPrice":null},"rating":{"averageRating":4.5,"numberOfReviews":85},"rhPath":null,"salesUnit":"Each","shipMethod":"","shippingOption":{"shipMethod":""},"showOptions":false,"slaTier":"SAME_DAY","sellerName":"","sellerId":"F55CDC31AB754BB68FE0B39041159D63","hasSellerBadge":null,"seller":{"name":"","id":""},"variantList":[]},{"badges":{"flags":null,"labels":[],"tags":[{"__typename":"BaseBadge","id":"L1004","text":"2-day shipping","key":"TWO_DAY_SHIPPING"}]},"canonicalUrl":"/ip/Lay-s-Potato-Chips-Classic-Party-Size-15-25-oz/191695851?athcpid=191695851\u0026athpgid=AthenaItempage\u0026athcgid=null\u0026athznid=si\u0026athieid=v0\u0026athstid=CS004\u0026athguid=dFbuW_C9pKPEKYPZtumOU3QreyHeca--UhpN\u0026athancid=null\u0026athena=true","canAddToCart":true,"type":"REGULAR","hiddenSwatchesCount":0,"flag":null,"fulfillmentBadges":["2-day shipping"],"fulfillmentSpeed":"2 days","fulfillmentBadge":"2 days","fulfillmentTitle":"title_shipToHome_not_available","fulfillmentType":"MARKETPLACE","groupMetaData":null,"itemType":null,"id":"191695851","usItemId":"191695851","image":"https://i5.walmartimages.com/asr/d9939d0f-6382-4a0d-97c1-d5444345899e_1.c22bb525689793e89a3525a65f5a730c.jpeg","isVariantTypeSwatch":false,"isOutOfStock":false,"isSponsoredFlag":false,"sponsoredProduct":null,"maxVisibleSwatchCount":4,"name":"Lay's Potato Chips, Classic, Party Size, 15.25 oz","offerId":"523FBCAD0A8846179D97C49F106EC038","orderMinLimit":1,"orderLimit":10,"price":13.95,"preOrder":{"isPreOrder":false},"priceInfo":{"finalCostByWeight":null,"itemPrice":null,"linePrice":"$13.95","minPriceForVariant":null,"priceDisplayCondition":null,"reducedPrice":false,"showItemPrice":true,"unitPrice":null,"wasPrice":null,"subscriptionPrice":null},"rating":{"averageRating":4.5,"numberOfReviews":1182},"rhPath":null,"salesUnit":"Each","shipMethod":"","shippingOption":{"shipMethod":""},"showOptions":false,"slaTier":"","sellerName":"","sellerId":"DC3E5307389D4874BC19DC8D7B687BAE","hasSellerBadge":null,"seller":{"name":"","id":""},"variantList":[]}],"subTitle":"Based on what customers bought","title":"Similar items you might like","type":null,"spBeaconInfo":{"adUuid":"dFbuW_C9pKPEKYPZtumOU3QreyHeca--UhpN","moduleInfo":"{\"adUuid\":\"dFbuW_C9pKPEKYPZtumOU3QreyHeca--UhpN\"}","pageViewUUID":"dFbuW_C9pKPEKYPZtumOU3QreyHeca--UhpN","placement":"si","max":3},"__typename":"TempoWM_GLASSWWWItemCarouselConfigsV1"},"moduleId":"1020e0da-74a6-428e-a8a3-1209377af573","matchedTrigger":{"pageType":"ItemPageGlobal","pageId":"global_evergreen","zone":"contentZone3","inheritable":false},"name":"Item Carousel - Recommendations 1","type":"ItemCarousel","version":3,"status":"published","publishedDate":1619630592807},{"configs":{"_rawConfigs":{"moduleLocation":"marquee1","lazy":"8000"},"ad":null},"moduleId":"0bcbc46c-021e-4f46-b30f-a24c51888da2","matchedTrigger":{"pageType":"ItemPageGlobal","pageId":"global_evergreen","zone":"contentZone16","inheritable":false},"name":"Marquee Display Ad 1 RWeb - Desktop Only","type":"MarqueeDisplayAd","version":22,"status":"published","publishedDate":1635482321477},{"configs":{"_rawConfigs":{"moduleLocation":"marquee2","lazy":"1500"},"ad":null},"moduleId":"addf4c28-e560-4873-a921-fc2a5d479bbb","matchedTrigger":{"pageType":"ItemPageGlobal","pageId":"global_evergreen","zone":"contentZone24","inheritable":false},"name":"Marquee Display Ad IP BTF Global","type":"MarqueeDisplayAd","version":6,"status":"published","publishedDate":1635981612166},{"configs":{},"moduleId":"752d22b9-befa-4ef2-a1a9-faebb2d41190","matchedTrigger":{"pageType":"ItemPageGlobal","pageId":"global_evergreen","zone":"contentZone13","inheritable":false},"name":"New Item Page - Product Feedback Placeholder Module, Thursday, July 01, 2021, 10:06:34:87 am","type":"ProductFeedbackPlaceholder","version":6,"status":"published","publishedDate":1632433232192},{"configs":{},"moduleId":"8d490d1a-4f20-4821-b6be-76ae77817a3e","matchedTrigger":{"pageType":"ItemPageGlobal","pageId":"global_evergreen","zone":"contentZone12","inheritable":false},"name":"New Item Page - Product Ingredients Placeholder Module, Monday, September 20, 2021, 11:16:28:55 am","type":"ProductIngredientsPlaceholder","version":1,"status":"published_revised","publishedDate":1632161829871},{"configs":{"seoItemRelmData":{"relm":[{"id":"hawaiian-chips","url":"/c/kp/hawaiian-chips","name":"Hawaiian Chips"},{"id":"potato-chips","url":"/c/kp/potato-chips","name":"Potato Chips"},{"id":"buffalo-chips","url":"/c/kp/buffalo-chips","name":"Buffalo Chips"},{"id":"rippled-chips","url":"/c/kp/rippled-chips","name":"Rippled Chips"},{"id":"crab-chip","url":"/c/kp/crab-chip","name":"Crab Chip"},{"id":"dressed-all-over-chips","url":"/c/kp/dressed-all-over-chips","name":"Dressed All Over Chips"},{"id":"6099985","url":"/browse/food/all-potato-chips/976759_976787_1001390_4402657_6099985","name":"All Potato Chips"},{"id":"2319411","url":"/browse/food/salty-snacks-stock-up/976759_976787_1001390_2319411","name":"Salty Snacks Stock-Up"},{"id":"7957182","url":"/browse/food/game-day-snacks/976759_1567409_6196875_7957182","name":"Game Day Snacks"},{"id":"2774520","url":"/browse/food/all-chips/976759_976787_1001390_2774520","name":"All Chips"},{"id":"2947703","url":"/browse/food/game-time-snacks-more/976759_1567409_3282877_2947703","name":"Game Time Snacks \u0026 More"},{"id":"8391853","url":"/browse/food/healthy-benefits-all-food/976759_3063079_8391853","name":"Healthy Benefits All Food"}]}},"moduleId":"5f8daea2-3599-4afd-ad0b-c2a2bc735ade","matchedTrigger":{"pageType":"ItemPageGlobal","pageId":"global_evergreen","zone":"contentZone25","inheritable":false},"name":"New Item Related Shelves Module, Wednesday, July 21, 2021, 10:06:24:65 am","type":"ItemRelatedShelves","version":1,"status":"published","publishedDate":1626887457413},{"configs":{"heading":"Get free delivery, shipping and more*","disclaimer":"*Restrictions apply","ctaLink":{"linkText":"Start 30-day free trial","title":"Start 30-day free trial","clickThrough":{"type":"url","value":"https://www.walmart.com/plus?povid=wpl_item_acq\u0026athcpid=0d39a734-929b-4464-b413-69e83181e332\u0026athpgid=AthenaItempage\u0026athznid=athenaModuleZone\u0026athmtid=AthenaWalmartPlusBanner\u0026athtvid=3\u0026athena=true\u0026athstid=CS100\u0026athguid=dFbuW_C9pKPEKYPZtumOU3QreyHeca--UhpN\u0026athwpid=0"}}},"moduleId":"157a0a88-0903-4495-8a54-ec4b21aab90d","matchedTrigger":{"pageType":"ItemPageGlobal","pageId":"global_evergreen","zone":"contentZone31","inheritable":false},"name":"New Walmart Plus Banner Module, Thursday, September 23, 2021, 7:17:23:61 pm","type":"WalmartPlusBanner","version":4,"status":"published","publishedDate":1634861205985},{"configs":{"expandedOnPageLoad":"True"},"moduleId":"64340340-1e5b-4edf-8ea8-2ae0db874a9a","matchedTrigger":{"pageType":"ItemPageGlobal","pageId":"global_evergreen","zone":"contentZone5","inheritable":false},"name":"Nutrition Value Placeholder","type":"NutritionValuePlaceholder","version":6,"status":"published","publishedDate":1630457983481},{"configs":{"expandedOnPageLoad":"True"},"moduleId":"43e731af-24b7-4e8f-844f-23ecf56cdc8e","matchedTrigger":{"pageType":"ItemPageGlobal","pageId":"global_evergreen","zone":"contentZone6","inheritable":false},"name":"Product Description Placeholder","type":"ProductDescriptionPlaceholder","version":4,"status":"published","publishedDate":1630458465571},{"configs":{"expandedOnPageLoad":"True"},"moduleId":"c55ce023-d69a-4585-9022-0a1adb709cf4","matchedTrigger":{"pageType":"ItemPageGlobal","pageId":"global_evergreen","zone":"contentZone9","inheritable":false},"name":"Product Directions Placeholder","type":"ProductDirectionsPlaceholder","version":6,"status":"published","publishedDate":1630458524841},{"configs":{"expandedOnPageLoad":"True"},"moduleId":"0b359347-4079-4a05-9114-f46c6c7ef4f2","matchedTrigger":{"pageType":"ItemPageGlobal","pageId":"global_evergreen","zone":"contentZone8","inheritable":false},"name":"Product Indications Placeholder","type":"ProductIndicationsPlaceholder","version":6,"status":"published","publishedDate":1630458510375},{"configs":{"expandedOnPageLoad":"True"},"moduleId":"b6d8c170-b608-4ad6-8dca-0aac9047c7c8","matchedTrigger":{"pageType":"ItemPageGlobal","pageId":"global_evergreen","zone":"contentZone7","inheritable":false},"name":"Product Specifications Placeholder","type":"ProductSpecificationsPlaceholder","version":7,"status":"published","publishedDate":1632788007443},{"configs":{"expandedOnPageLoad":"False"},"moduleId":"ac70ace2-3874-4df6-b594-5c74e07d4e35","matchedTrigger":{"pageType":"ItemPageGlobal","pageId":"global_evergreen","zone":"contentZone10","inheritable":false},"name":"Product Warranty Placeholder","type":"ProductWarrantyPlaceholder","version":7,"status":"published_revised","publishedDate":1630698621124},{"configs":{"expandedOnPageLoad":"True"},"moduleId":"61671594-b709-4400-8cc8-3a2ef16f4695","matchedTrigger":{"pageType":"ItemPageGlobal","pageId":"global_evergreen","zone":"contentZone34","inheritable":false},"name":"Reviews Placeholder","type":"ReviewsPlaceholder","version":10,"status":"published","publishedDate":1650936293269},{"configs":{"_rawConfigs":{"title":"More items to explore","moduleLocation":"bottom","lazy":"1200"},"moduleType":"SponsoredProductCarousel","ad":null},"moduleId":"dddb9790-3967-489b-85ff-1a6b51e922f5","matchedTrigger":{"pageType":"ItemPageGlobal","pageId":"global_evergreen","zone":"contentZone19","inheritable":false},"name":"SPCarousel2-rweb","type":"SponsoredProductCarousel","version":7,"status":"published","publishedDate":1621294185710},{"configs":{},"moduleId":"ea553297-0e7c-4726-ad91-04da72a598de","matchedTrigger":{"pageType":"ItemPageGlobal","pageId":"global_evergreen","zone":"contentZone1","inheritable":false},"name":"Sellers Secondary BuyBox","type":"SellersSecondaryBuyBox","version":3,"status":"published","publishedDate":1620256693665},{"configs":{"_rawConfigs":{"moduleLocation":"top","lazy":"400"},"ad":null},"moduleId":"a80b88a2-1f96-4dfc-8c8f-1213cb06fda8","matchedTrigger":{"pageType":"ItemPageGlobal","pageId":"global_evergreen","zone":"topZone1","inheritable":false},"name":"Skyline - rweb","type":"SkylineDisplayAd","version":4,"status":"published","publishedDate":1635481979606},{"configs":{"_rawConfigs":{"title":"Products you may also like","moduleLocation":"middle","lazy":"1500"},"moduleType":"SponsoredProductCarousel","ad":null},"moduleId":"ab0f2b0f-dac1-4c10-bd37-92d197c78a8b","matchedTrigger":{"pageType":"ItemPageGlobal","pageId":"global_evergreen","zone":"contentZone32","inheritable":false},"name":"Sponsored Product Ad Carousel","type":"SponsoredProductCarousel","version":3,"status":"published","publishedDate":1650337866378},{"configs":{"bannerBackgroundColor":"#FFFFFF","primaryImage":{"alt":"CapitalOne","src":"https://i5.walmartimages.com/dfw/4ff9c6c9-4cbf/k2-_19bccbbb-b02e-43ca-b47f-54e066d59b36.v1.png"},"bannerCta":{"ctaLink":{"linkText":"Learn how","title":"Learn how","clickThrough":{"value":"/cp/632402?athcpid=c359f401-b3f0-4e3b-8496-40cd170b1199\u0026athpgid=AthenaItempage\u0026athznid=athenaModuleZone\u0026athmtid=AthenaCapitalOneBanner\u0026athtvid=2\u0026athena=true\u0026athcaponeid=1"},"uid":"jilt6-2X"},"textColor":"#000000"},"bannerText":[{"text":"Earn 5% cash back","isBold":"True","isUnderlined":"True","underlinedColor":"#0071DC","textColor":"#2e2f32"},{"text":"on Walmart.com","isBold":"False","isUnderlined":"False","underlinedColor":null,"textColor":"#2e2f32"}]},"moduleId":"f5c341c2-e09c-4cab-8080-98eef34d79d7","matchedTrigger":{"pageType":"ItemPageGlobal","pageId":"global_evergreen","zone":"contentZone28","inheritable":false},"name":"dWeb Capital One Banner Web Module - Desktop - 4.29.21","type":"CapitalOneBanner","version":2,"status":"published","publishedDate":1627498005371},{"configs":{"products":[],"subTitle":null,"title":"Item Carousel - Recommendations 2","type":null,"spBeaconInfo":null,"__typename":"TempoWM_GLASSWWWItemCarouselConfigsV1"},"moduleId":"55da6caa-c27a-4e83-953f-90e9816d4fc7","matchedTrigger":{"pageType":"ItemPageGlobal","pageId":"global_evergreen","zone":"contentZone4","inheritable":false},"name":"Item Carousel - Recommendations 2","type":"ItemCarousel","version":7,"status":"published","publishedDate":1627504172455},{"configs":{"products":[],"subTitle":null,"title":null,"type":null,"spBeaconInfo":null,"__typename":"TempoWM_GLASSWWWItemCarouselConfigsV1"},"moduleId":"c86be0b5-6f92-47c7-a3cc-d065abeb5b15","matchedTrigger":{"pageType":"ItemPageGlobal","pageId":"global_evergreen","zone":"contentZone18","inheritable":false},"name":"Item Carousel - Recommendations 3","type":"ItemCarousel","version":3,"status":"published","publishedDate":1619631071566},{"configs":{"products":[],"subTitle":null,"title":null,"type":null,"spBeaconInfo":null,"__typename":"TempoWM_GLASSWWWItemCarouselConfigsV1"},"moduleId":"4543ceeb-c491-4b3b-90de-a0dd502b18e1","matchedTrigger":{"pageType":"ItemPageGlobal","pageId":"global_evergreen","zone":"contentZone23","inheritable":false},"name":"Item Carousel - Recommendations 4","type":"ItemCarousel","version":2,"status":"published","publishedDate":1619631126316}],"layouts":[{"id":"itemDesktop","layout":{"type":"itemDesktop","name":"Item Page - Desktop","definition":{"type":"container","flow":"vertical","content":[{"type":"container","flow":"vertical","content":{"type":"slot","id":"topContent","mapping":[{"type":"EXTERNAL","options":{"refId":"breadcrumb","tempoLabel":"Breadcrumb","displayInTempo":true}},{"type":"ZONE","options":{"refId":"topZone1"}},{"type":"ZONE","options":{"refId":"topZone2"}}]}},{"type":"container","flow":"horizontal","style":{"reverseLayout":true},"content":[{"type":"container","flow":"vertical","style":{"gridColumns":4},"content":{"type":"slot","id":"middleRightContent","mapping":[{"type":"EXTERNAL","options":{"refId":"boughtBeforeMessage","tempoLabel":"Bought Before Message","displayInTempo":true}},{"type":"ZONE","options":{"refId":"contentZone26"}},{"type":"EXTERNAL","options":{"refId":"productStickyBuyBox","tempoLabel":"Product Sticky BuyBox","displayInTempo":true}},{"type":"ZONE","options":{"refId":"BlitzZone","tempoLabel":"Blitz Zone","displayInTempo":true}},{"type":"ZONE","options":{"refId":"contentZone31"}},{"type":"EXTERNAL","options":{"refId":"addonServices","tempoLabel":"Addon Services","displayInTempo":true}},{"type":"ZONE","options":{"refId":"contentZone15"}},{"type":"ZONE","options":{"refId":"contentZone17"}}]}},{"type":"container","flow":"vertical","style":{"gridColumns":8},"content":{"type":"slot","id":"middleLeftContent","mapping":[{"type":"EXTERNAL","options":{"refId":"productImages","tempoLabel":"Product Images","displayInTempo":true}},{"type":"ZONE","options":{"refId":"contentZone1"}},{"type":"EXTERNAL","options":{"refId":"atfMarker","tempoLabel":"ATF Marker","displayInTempo":true}},{"type":"ZONE","options":{"refId":"contentZone2"}},{"type":"ZONE","options":{"refId":"contentZone3"}},{"type":"ZONE","options":{"refId":"contentZone4"}},{"type":"ZONE","options":{"refId":"contentZone5"}},{"type":"ZONE","options":{"refId":"contentZone6"}},{"type":"ZONE","options":{"refId":"contentZone7"}},{"type":"ZONE","options":{"refId":"contentZone8"}},{"type":"ZONE","options":{"refId":"contentZone9"}},{"type":"ZONE","options":{"refId":"contentZone10"}},{"type":"ZONE","options":{"refId":"contentZone11"}},{"type":"ZONE","options":{"refId":"contentZone12"}},{"type":"ZONE","options":{"refId":"contentZone13"}},{"type":"ZONE","options":{"refId":"contentZone14"}},{"type":"ZONE","options":{"refId":"contentZone27"}},{"type":"ZONE","options":{"refId":"contentZone28"}},{"type":"ZONE","options":{"refId":"contentZone29"}},{"type":"ZONE","options":{"refId":"contentZone30"}},{"type":"ZONE","options":{"refId":"contentZone32"}},{"type":"ZONE","options":{"refId":"contentZone33"}},{"type":"ZONE","options":{"refId":"contentZone34"}}]}}]},{"type":"container","flow":"vertical","content":{"type":"slot","id":"bottomContent","mapping":[{"type":"ZONE","options":{"refId":"contentZone16"}},{"type":"ZONE","options":{"refId":"contentZone18"}},{"type":"ZONE","options":{"refId":"contentZone19"}},{"type":"ZONE","options":{"refId":"contentZone20"}},{"type":"ZONE","options":{"refId":"contentZone21"}},{"type":"ZONE","options":{"refId":"contentZone22"}},{"type":"ZONE","options":{"refId":"contentZone23"}},{"type":"ZONE","options":{"refId":"contentZone24"}},{"type":"ZONE","options":{"refId":"contentZone25"}},{"type":"EXTERNAL","options":{"refId":"serviceDisclosure","tempoLabel":"Service Disclosure","displayInTempo":true}}]}}]},"channel":{"id":"87674fe3-1742-4650-8e11-8d0c6acfe836","status":"ACTIVE"},"version":"1.224","status":"ACTIVE"}}],"pageMetadata":{"location":{"pickupStore":"3081","deliveryStore":"3081","intent":"SHIPPING","postalCode":"95829","stateOrProvinceCode":"CA","city":"Sacramento","storeId":"3081"},"pageContext":{"itemContext":{"itemId":"677669806","categoryPath":"0:976759:976787:1001390:5517955","categoryPathName":"Home Page/Food/Snacks, Cookies \u0026 Chips/Chips/Lay's Potato Chips","name":"Lay's Classic Potato Chips, Party Size, 13 oz Bag","brand":"Lay's","partTypeID":"","manufactureNumber":"","aaiaBrand":"","tireSize":"","speedRating":"","loadIndex":"","viscosity":"","type":"REGULAR","productTypeId":"397"}},"p13nMetadata":"TFo0jgEAAPkOeyJtb2RlbFJhbmsiOlsiNjc3NjY5ODA2I3NpIiwPADlleHQSAEl1cmZ1EQAaYzIA4WNvbCIsIjA6OTc2NzU5BwD5CDg3OjEwMDEzOTA6NTUxNzk1NSN1dGljRgDQZ3J2aSJdLCJ1c2VkTZsA8AJzIjp7Ikl0ZW1DYXJvdXNlbKgAwHNpIl19LCJzaG93bhwAEHMVAJA3NzIwMjk1OThRAPAFNTIxNDEwODMiLCIxODA5MDY4NjcMAHA5ODA4Mjc2GACANDcyMTc0NjEXAIA0ODcyNDQ0MAwAYTEwMjc0MiIA8A80NzkzMDYwNiIsIjMxOTU0Mzk1IiwiNTI3OTYzODktAHAwODA2NTI4IgCBNzQ2Njc1MjAYAIA5MTY5NTg1McwAf2NhdElkIjoNAQpQOTU1In0=","lazyModules":[{"configs":{"products":[],"subTitle":null,"title":"Item Carousel - Recommendations 2","type":null,"spBeaconInfo":null,"__typename":"TempoWM_GLASSWWWItemCarouselConfigsV1"},"moduleId":"55da6caa-c27a-4e83-953f-90e9816d4fc7","matchedTrigger":{"pageType":"ItemPageGlobal","pageId":"global_evergreen","zone":"contentZone4","inheritable":false},"name":"Item Carousel - Recommendations 2","type":"ItemCarousel","version":7,"status":"published","publishedDate":1627504172455},{"configs":{"products":[],"subTitle":null,"title":null,"type":null,"spBeaconInfo":null,"__typename":"TempoWM_GLASSWWWItemCarouselConfigsV1"},"moduleId":"c86be0b5-6f92-47c7-a3cc-d065abeb5b15","matchedTrigger":{"pageType":"ItemPageGlobal","pageId":"global_evergreen","zone":"contentZone18","inheritable":false},"name":"Item Carousel - Recommendations 3","type":"ItemCarousel","version":3,"status":"published","publishedDate":1619631071566},{"configs":{"products":[],"subTitle":null,"title":null,"type":null,"spBeaconInfo":null,"__typename":"TempoWM_GLASSWWWItemCarouselConfigsV1"},"moduleId":"4543ceeb-c491-4b3b-90de-a0dd502b18e1","matchedTrigger":{"pageType":"ItemPageGlobal","pageId":"global_evergreen","zone":"contentZone23","inheritable":false},"name":"Item Carousel - Recommendations 4","type":"ItemCarousel","version":2,"status":"published","publishedDate":1619631126316}]}},"seoItemMetaData":{"noIndex":false},"product":{"blitzItem":null,"giftingEligibility":false,"shipAsIs":false,"subscriptionEligible":false,"showSubscriptionModule":false,"discounts":null,"rewards":null,"showFulfillmentLink":false,"additionalOfferCount":1,"legalRestriction":false,"shippingRestriction":false,"availabilityStatus":"IN_STOCK","averageRating":4.1,"suppressReviews":false,"brand":"Lay's","brandUrl":"/c/brand/lays","badges":{"flags":[{"__typename":"BaseBadge","id":"L1600","text":"Best seller","key":"BESTSELLER","query":null,"type":"LABEL"},{"__typename":"BaseBadge","id":"L1200","text":"Popular pick","key":"CUSTOMER_PICK","query":"lays classic potato chips","type":"LABEL"}],"labels":null,"tags":[]},"rhPath":"40000:42000:42004:42107:42244","aaiaBrandId":null,"manufacturerProductId":null,"productTypeId":"397","tireSize":null,"tireLoadIndex":null,"tireSpeedRating":null,"viscosity":null,"model":null,"buyNowEligible":false,"earlyAccessEvent":false,"isEarlyAccessItem":false,"isWplusMember":false,"showBuyWithWplus":false,"preOrder":{"isPreOrder":false},"ozarkAttributes":{"shippingPromise":null,"exactAddress":false},"canonicalUrl":"/ip/Lay-s-Classic-Potato-Chips-Party-Size-13-oz-Bag/677669806","catalogSellerId":0,"sellerReviewCount":null,"sellerAverageRating":null,"category":{"categoryPathId":"0:976759:976787:1001390:5517955","path":[{"name":"Food","url":"/cp/976759"},{"name":"Snacks, Cookies \u0026 Chips","url":"/cp/976787"},{"name":"Chips","url":"/cp/1001390"},{"name":"Lay's Potato Chips","url":"/cp/5517955"}]},"classType":"REGULAR","classId":"1","fulfillmentTitle":"title_store_delivery_curbside_pickup","shortDescription":"It all starts with farm-grown potatoes, cooked and seasoned to perfection. So every LAY'S potato chip is perfectly crispy and full of fresh potato taste. Happiness in Every Bite. These crispy snacks are perfect for sharing. Wherever celebrations and good times happen, the LAY'S brand will be there just as it has been for more than 75 years. With flavors almost as rich as our history, we have a chip or crisp flavor guaranteed to bring a smile on your face.","fulfillmentType":"STORE","fulfillmentBadge":"Today","checkStoreAvailabilityATC":false,"checkAvailabilityGlobalDFS":false,"fulfillmentLabel":[{"checkStoreAvailability":null,"wPlusFulfillmentText":null,"message":"Pickup, today at Sacramento Supercenter","shippingText":"Pickup","fulfillmentText":"today","locationText":"Sacramento Supercenter","fulfillmentMethod":"PICKUP","addressEligibility":false,"fulfillmentType":"STORE","postalCode":null},{"checkStoreAvailability":null,"wPlusFulfillmentText":null,"message":"Delivery from store","shippingText":"Delivery from store","fulfillmentText":null,"locationText":null,"fulfillmentMethod":"DELIVERY","addressEligibility":true,"fulfillmentType":"STORE","postalCode":null}],"hasSellerBadge":null,"hasCarePlans":null,"hasHomeServices":null,"itemType":null,"id":"31F9DOE2RGKJ","primaryUsItemId":null,"imageInfo":{"allImages":[{"id":"716769B3ABBE4BDAB7B3B5F269E21E03","url":"https://i5.walmartimages.com/asr/15b0a328-0403-4e27-b256-698e69675801.4479d277258b0bb9993670ed400a98d0.jpeg","zoomable":true},{"id":"23E9129404C54090A536ADFF03E2B132","url":"https://i5.walmartimages.com/asr/c6ce5703-675a-4ff9-9c17-decaae6ebb1a.463d47e8be7ca60436c2f1519123509e.jpeg","zoomable":true},{"id":"17E32911F7BA45CB8843261770CB9714","url":"https://i5.walmartimages.com/asr/8d167bdf-e0e5-46cf-8fd3-016b7cc16e9d_1.8a6519f80d4489fa4c07c169c3976294.jpeg","zoomable":true},{"id":"C4D6D93588E84BC29AB8A445BF6AF645","url":"https://i5.walmartimages.com/asr/491b2423-3bfc-4ff9-b41a-7ed2db3341ca_1.5641efa50f08924cfe53bfeba6e2b3f4.jpeg","zoomable":true},{"id":"AFC95E20551B4ECCA3999FB0A0A9CA7D","url":"https://i5.walmartimages.com/asr/d27aa91f-aede-4126-ae9c-47ca826cbf83.85fc0e9bbe9412707b9426350aedf82c.jpeg","zoomable":true},{"id":"1BB90292382B4A19BB9532CCDAF276A0","url":"https://i5.walmartimages.com/asr/49fa158e-b68e-4cc1-8fa0-b75f61fd3a71_1.211ae17b94cca45f2102995be8f3d12c.jpeg","zoomable":true},{"id":"60208C66410F473BA8A25396F53AE1B5","url":"https://i5.walmartimages.com/asr/5adac600-8546-449e-b061-6c0feaf6f6aa_1.7ba6e98560d5fd70e180abb4d7857a21.jpeg","zoomable":true}],"thumbnailUrl":"https://i5.walmartimages.com/asr/15b0a328-0403-4e27-b256-698e69675801.4479d277258b0bb9993670ed400a98d0.jpeg"},"location":{"postalCode":"95829","stateOrProvinceCode":"CA","city":"Sacramento","storeIds":["3081"],"addressId":null,"pickupLocation":{"storeId":"3081","accessPointId":null,"accessType":null}},"manufacturerName":"Frito-Lay","name":"Lay's Classic Potato Chips, Party Size, 13 oz Bag","personalizable":false,"externalInfo":null,"numberOfReviews":1415,"orderMinLimit":1,"orderLimit":12,"offerId":"7692996EF6B7473BB21B3422FF3EBA0A","offerType":"ONLINE_AND_STORE","priceInfo":{"priceDisplayCodes":{"clearance":null,"eligibleForAssociateDiscount":null,"finalCostByWeight":null,"priceDisplayCondition":null,"reducedPrice":null,"rollback":null,"submapType":null},"currentPrice":{"price":4.48,"priceString":"$4.48","variantPriceString":"$4.48","currencyUnit":"USD"},"wasPrice":null,"unitPrice":{"price":0.345,"priceString":"34.5 ¢/oz","variantPriceString":null,"currencyUnit":"USD"},"savings":null,"subscriptionPrice":null,"priceRange":{"minPrice":null,"maxPrice":null,"priceString":null,"currencyUnit":null,"denominations":null},"capType":null,"walmartFundedAmount":null},"returnPolicy":{"returnable":null,"freeReturns":null,"returnWindow":{"value":null,"unitType":"Day"},"returnPolicyText":null},"fsaEligibleInd":false,"sellerId":"F55CDC31AB754BB68FE0B39041159D63","sellerName":"Walmart.com","sellerDisplayName":"Walmart.com","secondaryOfferPrice":{"currentPrice":{"priceType":null,"priceString":"$13.99","price":13.99}},"semStoreData":null,"shippingOption":{"availabilityStatus":"AVAILABLE","slaTier":"SAME_DAY","deliveryDate":null,"maxDeliveryDate":null,"shipMethod":null,"shipPrice":null},"type":"Snack Chips","pickupOption":{"slaTier":"SAME_DAY","accessTypes":["PICKUP_INSTORE","PICKUP_CURBSIDE"],"availabilityStatus":"AVAILABLE","storeName":null,"storeId":null},"salesUnit":"EACH","usItemId":"677669806","variantCriteria":[],"variants":null,"groupMetaData":null,"upc":"028400310413","wfsEnabled":false,"sellerType":"INTERNAL","ironbankCategory":"Food \u0026 Beverage","snapEligible":false,"promoData":[],"showAddOnServices":true,"addOnServices":null,"productLocation":[{"displayValue":"A25"}],"zeekitData":null,"experienceType":null,"selectedVariantIds":[],"variantProductIdMap":{},"imageMap":{},"variantsMap":{}},"idml":{"sizeCharts":null,"chokingHazards":null,"directions":[{"name":"Instructions","value":"Guaranteed fresh until printed date."}],"indications":null,"ingredients":{"activeIngredientName":null,"activeIngredients":null,"inactiveIngredients":null,"ingredients":{"name":"Ingredients","value":"POTATOES, VEGETABLE OIL (SUNFLOWER, CORN AND/OR CANOLA OIL), AND SALT"}},"longDescription":"\u003cul\u003e  \u003cli\u003eClassic potato chips\u003c/li\u003e  \u003cli\u003eParty size bag is perfect for sharing\u003c/li\u003e  \u003cli\u003eCrispy, yummy and deliciously tasty\u003c/li\u003e  \u003cli\u003eGreat anytime snack\u003c/li\u003e  \u003cli\u003eIncludes three ingredients: potatoes, oil, and salt\u003c/li\u003e \u003c/ul\u003e","shortDescription":"It all starts with farm-grown potatoes, cooked and seasoned to perfection. So every LAY'S potato chip is perfectly crispy and full of fresh potato taste. Happiness in Every Bite. These crispy snacks are perfect for sharing. Wherever celebrations and good times happen, the LAY'S brand will be there just as it has been for more than 75 years. With flavors almost as rich as our history, we have a chip or crisp flavor guaranteed to bring a smile on your face.","interactiveProductVideo":null,"specifications":[{"name":"Brand","value":"Lay's"},{"name":"Manufacturer","value":"Frito-Lay"},{"name":"Food Form","value":"Chips"}],"warnings":null,"warranty":{"information":"Guaranteed Fresh Until printed date or this snack?s on us","length":null},"esrbRating":null,"mpaaRating":null,"nutritionFacts":{"calorieInfo":{"name":"Calorie Information","mainNutrient":{"name":"Calories","amount":"160","dvp":null,"childNutrients":null},"childNutrients":null},"keyNutrients":{"name":"Key Nutrients","values":[{"name":null,"mainNutrient":{"name":"Total Fat","amount":"10g","dvp":"13%","childNutrients":null},"childNutrients":[{"name":"Saturated Fat","amount":"1.5g","dvp":"7%","childNutrients":null},{"name":"Trans Fat","amount":"0g","dvp":null,"childNutrients":null}]},{"name":null,"mainNutrient":{"name":"Cholesterol","amount":"0.00mg","dvp":"0%","childNutrients":null},"childNutrients":null},{"name":null,"mainNutrient":{"name":"Sodium","amount":"170.0mg","dvp":"7%","childNutrients":null},"childNutrients":null},{"name":null,"mainNutrient":{"name":"Total Carbohydrate","amount":"15g","dvp":"6%","childNutrients":null},"childNutrients":[{"name":"Dietary Fiber","amount":"1g","dvp":"5%","childNutrients":null},{"name":"Sugars","amount":"\u003c1.0g","dvp":null,"childNutrients":null}]},{"name":null,"mainNutrient":{"name":"Protein","amount":"2g","dvp":null,"childNutrients":null},"childNutrients":null}]},"vitaminMinerals":{"name":"Vitamins and Minerals","mainNutrient":null,"childNutrients":[{"name":"Vitamin C","amount":null,"dvp":"6%","childNutrients":null},{"name":"Calcium","amount":"10.00mg","dvp":"0%","childNutrients":null},{"name":"Potassium","amount":"350mg","dvp":"6%","childNutrients":null},{"name":"Iron","amount":"0.60mg","dvp":"2%","childNutrients":null},{"name":"Vitamin D","amount":"0.00mcg","dvp":"0%","childNutrients":null}]},"servingInfo":{"name":"Serving Information","values":[{"name":"Servings Per Container","value":"13","attribute":null,"values":null},{"name":"Serving Size","value":"About 15 Chips (28g)","attribute":null,"values":null}]},"additionalDisclaimer":{"name":"Additional Disclaimer","value":"Refer to the product label for full dietary information, which may be available as an alternative product image.","attribute":null,"values":null},"staticContent":{"name":"General Facts","value":"\u003cp\u003e* The % Daily Value (DV) tells you how much a nutrient in a serving of food contributes to a daily diet. \u003c/p\u003e\u003chr color=black size=1\u003e\u003cp\u003eCalories per gram:\u003c/p\u003e\u003cp\u003eFat 9 \u0026#8226; Carbohydrate 4 \u0026#8226; Protein 4  \u003c/p\u003e\u003chr color=black size=1\u003e","attribute":null,"values":null}},"videos":null,"product360ImageContainer":null},"reviews":{"averageOverallRating":4.1484,"customerReviews":[{"rating":5,"reviewSubmissionTime":"2/8/2021","reviewText":"Great snack.  I love when I have a fresh fluffy bag.  The perfect amount of salty flavor.","reviewTitle":"Yummy flavor.","userNickname":"Stephanie","photos":[{"caption":null,"id":"8de9db02-81d2-4273-9862-cd409bc1537b","sizes":{"normal":{"id":"normal","url":"https://i5.walmartimages.com/dfw/6e29e393-74ee/k2-_47b37f8f-af5c-4cd2-b2ae-9bf12a944f34.v1.bin"},"thumbnail":{"id":"thumbnail","url":"https://i5.walmartimages.com/dfw/6e29e393-74ee/k2-_47b37f8f-af5c-4cd2-b2ae-9bf12a944f34.v1.bin?odnWidth=150\u0026odnHeight=150\u0026odnBg=ffffff"}}}],"badges":[{"badgeType":"Custom","id":"VerifiedPurchaser","contentType":"REVIEW","glassBadge":{"id":"VerifiedPurchaser","text":"Verified Purchaser"}}],"syndicationSource":null},{"rating":5,"reviewSubmissionTime":"1/27/2021","reviewText":"Love the chips but they shipped them in a small box all broken up when arrived. But was edible.","reviewTitle":"Crammed into a small box","userNickname":"bluecaddy85","photos":[{"caption":null,"id":"1fc559f1-ce0e-4ccc-b89e-09868ddf43e1","sizes":{"normal":{"id":"normal","url":"https://i5.walmartimages.com/dfw/6e29e393-3b09/k2-_5bbaeaf3-17c2-4736-9a88-ece7ca5d2d1e.v1.bin"},"thumbnail":{"id":"thumbnail","url":"https://i5.walmartimages.com/dfw/6e29e393-3b09/k2-_5bbaeaf3-17c2-4736-9a88-ece7ca5d2d1e.v1.bin?odnWidth=150\u0026odnHeight=150\u0026odnBg=ffffff"}}}],"badges":[{"badgeType":"Custom","id":"VerifiedPurchaser","contentType":"REVIEW","glassBadge":{"id":"VerifiedPurchaser","text":"Verified Purchaser"}}],"syndicationSource":null},{"rating":1,"reviewSubmissionTime":"1/21/2022","reviewText":"This bag of chips was nothing but pieces. We have always purchased Lays and never had a bag of pieces like this. 4.48 seems like a lot for something like this.","reviewTitle":null,"userNickname":"Dale","photos":[{"caption":null,"id":"5e9a653b-b0b5-47e8-9306-f2b15055a10c","sizes":{"normal":{"id":"normal","url":"https://i5.walmartimages.com/dfw/6e29e393-7301/k2-_2b045d5d-5785-4190-9d07-8f2c8aed4885.v1.bin"},"thumbnail":{"id":"thumbnail","url":"https://i5.walmartimages.com/dfw/6e29e393-7301/k2-_2b045d5d-5785-4190-9d07-8f2c8aed4885.v1.bin?odnWidth=150\u0026odnHeight=150\u0026odnBg=ffffff"}}}],"badges":[{"badgeType":"Custom","id":"VerifiedPurchaser","contentType":"REVIEW","glassBadge":{"id":"VerifiedPurchaser","text":"Verified Purchaser"}}],"syndicationSource":null},{"rating":1,"reviewSubmissionTime":"2/21/2021","reviewText":"I tried to order flour and juice. also on this order is chips, cheetos, graham crackers, ritz crackers and 2 packs of 300 paper plates.\nI HATE ONLINE SHOPPING FOR THIS REASON. BRICK and MORTAR hopefully will never go away. at least with bare shelves you have an option to pick something else. If you can see it and touch it you know you have it.\nif you are at the mercy of a company and delivery, they can and will cancel with no consideration. They will also ship 600 paper plates with chips and cheetos. Everyone knows that heavy items can and usually will burst or crush bags.\nHence, be leary of purchasing from Walmart.com.\nmy only option was wait another 10 for delivery or get a refund. Wow they really care about customers.","reviewTitle":"Walmart.com is Inconsiderate","userNickname":"Kathy","photos":[{"caption":null,"id":"3f2c3605-1902-46bc-9ccc-00859360390e","sizes":{"normal":{"id":"normal","url":"https://i5.walmartimages.com/dfw/6e29e393-8d9c/k2-_899bfd0a-c238-4fb6-bed9-3d37b99c6096.v1.bin"},"thumbnail":{"id":"thumbnail","url":"https://i5.walmartimages.com/dfw/6e29e393-8d9c/k2-_899bfd0a-c238-4fb6-bed9-3d37b99c6096.v1.bin?odnWidth=150\u0026odnHeight=150\u0026odnBg=ffffff"}}}],"badges":[{"badgeType":"Custom","id":"VerifiedPurchaser","contentType":"REVIEW","glassBadge":{"id":"VerifiedPurchaser","text":"Verified Purchaser"}}],"syndicationSource":null},{"rating":1,"reviewSubmissionTime":"8/13/2020","reviewText":"Bag was broken open and chips were falling out of the box. Other bag was all broken into pieces. Store showed little concern for packing fragile items.","reviewTitle":"Very Dissatisfied","userNickname":"Charles","photos":[{"caption":null,"id":"2f30147c-71e3-4f89-8ad2-749d0a5f1573","sizes":{"normal":{"id":"normal","url":"https://i5.walmartimages.com/dfw/6e29e393-c995/k2-_b208facb-fbca-4e2c-b8bf-0cafdf661906.v1.jpg"},"thumbnail":{"id":"thumbnail","url":"https://i5.walmartimages.com/dfw/6e29e393-c995/k2-_b208facb-fbca-4e2c-b8bf-0cafdf661906.v1.jpg?odnWidth=150\u0026odnHeight=150\u0026odnBg=ffffff"}}},{"caption":null,"id":"779b7a7c-15c5-4a18-a573-fe6c173cadf0","sizes":{"normal":{"id":"normal","url":"https://i5.walmartimages.com/dfw/6e29e393-142e/k2-_2ce36a36-e53a-499b-ac98-0c665c29ad1c.v1.jpg"},"thumbnail":{"id":"thumbnail","url":"https://i5.walmartimages.com/dfw/6e29e393-142e/k2-_2ce36a36-e53a-499b-ac98-0c665c29ad1c.v1.jpg?odnWidth=150\u0026odnHeight=150\u0026odnBg=ffffff"}}}],"badges":[{"badgeType":"Custom","id":"VerifiedPurchaser","contentType":"REVIEW","glassBadge":{"id":"VerifiedPurchaser","text":"Verified Purchaser"}}],"syndicationSource":null},{"rating":1,"reviewSubmissionTime":"11/11/2020","reviewText":"The chips were thrown in a box with teas and crushed by the time they got here... returning is a nightmare","reviewTitle":"bad packaging","userNickname":"patti","photos":[{"caption":null,"id":"8e273452-ac4c-40e3-acca-442875be849b","sizes":{"normal":{"id":"normal","url":"https://i5.walmartimages.com/dfw/6e29e393-6921/k2-_92b42cee-bddb-46bb-a07c-5f4efd964a41.v1.bin"},"thumbnail":{"id":"thumbnail","url":"https://i5.walmartimages.com/dfw/6e29e393-6921/k2-_92b42cee-bddb-46bb-a07c-5f4efd964a41.v1.bin?odnWidth=150\u0026odnHeight=150\u0026odnBg=ffffff"}}}],"badges":[{"badgeType":"Custom","id":"VerifiedPurchaser","contentType":"REVIEW","glassBadge":{"id":"VerifiedPurchaser","text":"Verified Purchaser"}}],"syndicationSource":null},{"rating":1,"reviewSubmissionTime":"8/17/2020","reviewText":"When I finally (order was delayed) the box was beat up and the chips was opened and crushed chips was everywhere","reviewTitle":"Dont order chips","userNickname":"Alberta","photos":[{"caption":null,"id":"217e546d-0b13-45ce-ba52-0d24eccad286","sizes":{"normal":{"id":"normal","url":"https://i5.walmartimages.com/dfw/6e29e393-19ab/k2-_e2a94bbc-d5da-4c41-8bcf-e14a7371a78b.v1.jpg"},"thumbnail":{"id":"thumbnail","url":"https://i5.walmartimages.com/dfw/6e29e393-19ab/k2-_e2a94bbc-d5da-4c41-8bcf-e14a7371a78b.v1.jpg?odnWidth=150\u0026odnHeight=150\u0026odnBg=ffffff"}}},{"caption":null,"id":"a467713e-9632-48da-a052-ffc7cdc94d77","sizes":{"normal":{"id":"normal","url":"https://i5.walmartimages.com/dfw/6e29e393-3f2d/k2-_e2890000-f0cc-4c81-bf2d-b3cab00ac7b5.v1.jpg"},"thumbnail":{"id":"thumbnail","url":"https://i5.walmartimages.com/dfw/6e29e393-3f2d/k2-_e2890000-f0cc-4c81-bf2d-b3cab00ac7b5.v1.jpg?odnWidth=150\u0026odnHeight=150\u0026odnBg=ffffff"}}}],"badges":[{"badgeType":"Custom","id":"VerifiedPurchaser","contentType":"REVIEW","glassBadge":{"id":"VerifiedPurchaser","text":"Verified Purchaser"}}],"syndicationSource":null},{"rating":1,"reviewSubmissionTime":"11/8/2020","reviewText":"The chip package had burst open..had to throw whole bag.  ruined box with oil from the chips.","reviewTitle":"lays Chip burst in box","userNickname":"swanj","photos":[{"caption":null,"id":"199701af-089a-4583-83fa-30b7c5d36634","sizes":{"normal":{"id":"normal","url":"https://i5.walmartimages.com/dfw/6e29e393-7cf7/k2-_5e8b35c8-4897-4c2d-ac45-c79084c02359.v1.bin"},"thumbnail":{"id":"thumbnail","url":"https://i5.walmartimages.com/dfw/6e29e393-7cf7/k2-_5e8b35c8-4897-4c2d-ac45-c79084c02359.v1.bin?odnWidth=150\u0026odnHeight=150\u0026odnBg=ffffff"}}}],"badges":[{"badgeType":"Custom","id":"VerifiedPurchaser","contentType":"REVIEW","glassBadge":{"id":"VerifiedPurchaser","text":"Verified Purchaser"}}],"syndicationSource":null},{"rating":1,"reviewSubmissionTime":"4/29/2021","reviewText":"Got expired chips!!! From feb 2021","reviewTitle":null,"userNickname":"Shirley","photos":[{"caption":null,"id":"de451fbd-9a32-4b57-9092-92ceae485cf7","sizes":{"normal":{"id":"normal","url":"https://i5.walmartimages.com/dfw/6e29e393-ddbe/k2-_651d1470-8c40-46c2-a200-21c0429cd1ec.v1.bin"},"thumbnail":{"id":"thumbnail","url":"https://i5.walmartimages.com/dfw/6e29e393-ddbe/k2-_651d1470-8c40-46c2-a200-21c0429cd1ec.v1.bin?odnWidth=150\u0026odnHeight=150\u0026odnBg=ffffff"}}}],"badges":[{"badgeType":"Custom","id":"VerifiedPurchaser","contentType":"REVIEW","glassBadge":{"id":"VerifiedPurchaser","text":"Verified Purchaser"}}],"syndicationSource":null},{"rating":1,"reviewSubmissionTime":"1/6/2021","reviewText":"The bag was open and the chips were crushed.","reviewTitle":"Open","userNickname":"CurryAlbrecht","photos":[{"caption":null,"id":"db671608-c7b0-4d1f-ae5d-0cb04e7807c4","sizes":{"normal":{"id":"normal","url":"https://i5.walmartimages.com/dfw/6e29e393-2f98/k2-_f5d75ab7-7d02-4560-bcf1-7ecbc1b5eb32.v1.bin"},"thumbnail":{"id":"thumbnail","url":"https://i5.walmartimages.com/dfw/6e29e393-2f98/k2-_f5d75ab7-7d02-4560-bcf1-7ecbc1b5eb32.v1.bin?odnWidth=150\u0026odnHeight=150\u0026odnBg=ffffff"}}},{"caption":null,"id":"f20d7e1e-f0fd-4897-bf4a-debffa9cbaf0","sizes":{"normal":{"id":"normal","url":"https://i5.walmartimages.com/dfw/6e29e393-da0b/k2-_72c284e0-a80c-49be-a0c4-c9f32cd157d8.v1.bin"},"thumbnail":{"id":"thumbnail","url":"https://i5.walmartimages.com/dfw/6e29e393-da0b/k2-_72c284e0-a80c-49be-a0c4-c9f32cd157d8.v1.bin?odnWidth=150\u0026odnHeight=150\u0026odnBg=ffffff"}}},{"caption":null,"id":"1f708215-40a1-4eae-a13e-664c9818a4b5","sizes":{"normal":{"id":"normal","url":"https://i5.walmartimages.com/dfw/6e29e393-9241/k2-_c6981598-1059-4072-8db0-ec28e846ab08.v1.bin"},"thumbnail":{"id":"thumbnail","url":"https://i5.walmartimages.com/dfw/6e29e393-9241/k2-_c6981598-1059-4072-8db0-ec28e846ab08.v1.bin?odnWidth=150\u0026odnHeight=150\u0026odnBg=ffffff"}}}],"badges":[{"badgeType":"Custom","id":"VerifiedPurchaser","contentType":"REVIEW","glassBadge":{"id":"VerifiedPurchaser","text":"Verified Purchaser"}}],"syndicationSource":null}],"ratingValueFiveCount":999,"ratingValueFourCount":104,"ratingValueOneCount":217,"ratingValueThreeCount":52,"ratingValueTwoCount":43,"roundedAverageOverallRating":4.1,"topNegativeReview":{"rating":1,"reviewSubmissionTime":"1/21/2022","userNickname":"Dale","negativeFeedback":0,"positiveFeedback":0,"reviewText":"This bag of chips was nothing but pieces. We have always purchased Lays and never had a bag of pieces like this. 4.48 seems like a lot for something like this.","reviewTitle":null,"badges":[{"badgeType":"Custom","id":"VerifiedPurchaser","contentType":"REVIEW","glassBadge":{"id":"VerifiedPurchaser","text":"Verified Purchaser"}}],"syndicationSource":null},"topPositiveReview":{"rating":5,"reviewSubmissionTime":"2/8/2021","userNickname":"Stephanie","negativeFeedback":0,"positiveFeedback":18,"reviewText":"Great snack.  I love when I have a fresh fluffy bag.  The perfect amount of salty flavor.","reviewTitle":"Yummy flavor.","badges":[{"badgeType":"Custom","id":"VerifiedPurchaser","contentType":"REVIEW","glassBadge":{"id":"VerifiedPurchaser","text":"Verified Purchaser"}}],"syndicationSource":null},"totalReviewCount":1415}},"headers":{}},"psych":{"isMobile":false,"isBot":false},"isomorphicSessionId":"LG2jfajFa54t1u8j8XKeL","trace":{"traceId":"f3bc5793362a0833da1141c8d5c18da2","spanId":"4ab1354959e2cd1c","traceFlags":1},"isCaching":false,"queryContextCacheId":3160,"bootstrapData":{"account":{"data":{"account":null}},"cart":null,"header":{"data":{"contentLayout":{"modules":[]}},"headers":{}},"footer":{"data":{"location":{"status":true,"postalCode":"95829","nodeId":"3081","errors":[],"shippingAddress":{"addressId":null,"addressLineOne":null,"addressLineTwo":null,"city":"Sacramento","stateOrProvinceCode":"CA","postalCode":"95829"},"pickupNode":{"nodeId":"3081","displayName":"Sacramento Supercenter","addressLineOne":"8915 Gerber Road","city":"Sacramento","stateOrProvinceCode":"CA","postalCode":"95829","accessPointId":null}},"contentLayout":{"modules":[{"name":"GlobalFooterLinks Module,","type":"GlobalFooterLinks","matchedTrigger":{"zone":"footerZone1"},"configs":{"subLinks":[{"link":{"linkText":"All Departments","title":"All Departments","clickThrough":{"type":"url","value":"/all-departments","rawValue":"/all-departments"},"uid":"zuC8vwt4"},"isSFLink":"False","openInNewTab":"False"},{"link":{"linkText":"Store Directory","title":"Store Directory","clickThrough":{"type":"url","value":"/store/directory","rawValue":"/store/directory"},"uid":"H35X2opY"},"isSFLink":"False","openInNewTab":"True"},{"link":{"linkText":"Careers","title":"Careers","clickThrough":{"type":"url","value":"https://careers.walmart.com/","rawValue":"https://careers.walmart.com/"},"uid":"3JvzlnuM"},"isSFLink":"False","openInNewTab":"True"},{"link":{"linkText":"Our Company","title":"Our Company","clickThrough":{"type":"url","value":"https://corporate.walmart.com/","rawValue":"https://corporate.walmart.com/"},"uid":"8ScthXgM"},"isSFLink":"False","openInNewTab":"True"},{"link":{"linkText":"Sell on Walmart.com","title":"Sell on Walmart.com","clickThrough":{"type":"url","value":"https://marketplace.walmart.com/?utm_source=Walmart.com\u0026utm_medium=link\u0026utm_campaign=footer","rawValue":"https://marketplace.walmart.com/?utm_source=Walmart.com\u0026utm_medium=link\u0026utm_campaign=footer"},"uid":"yJ4Ohzsq"},"isSFLink":"False","openInNewTab":"True"},{"link":{"linkText":"Help","title":"Help","clickThrough":{"type":"url","value":"/help","rawValue":"/help"},"uid":"3Owhn3cK"},"isSFLink":"False","openInNewTab":"False"},{"link":{"linkText":"COVID-19 Vaccine Scheduler","title":"COVID-19 Vaccine Scheduler","clickThrough":{"type":"url","value":"https://www.walmart.com/cp/flu-shots-immunizations/1228302","rawValue":"https://www.walmart.com/cp/flu-shots-immunizations/1228302"},"uid":"qCVduDBX"},"isSFLink":"False","openInNewTab":"False"},{"link":{"linkText":"Product Recalls","title":"Product Recalls","clickThrough":{"type":"url","value":"https://corporate.walmart.com/recalls","rawValue":"https://corporate.walmart.com/recalls"},"uid":"zvFmPeD9"},"isSFLink":"False","openInNewTab":"True"},{"link":{"linkText":"Accessibility","title":"Accessibility","clickThrough":{"type":"url","value":"https://www.walmart.com/help/article/responsible-disclosure-and-accessibility-policies/0f173dab8bd942da84b1cd7ab5ffc3cb","rawValue":"https://www.walmart.com/help/article/responsible-disclosure-and-accessibility-policies/0f173dab8bd942da84b1cd7ab5ffc3cb"},"uid":"S48bZs6T"},"isSFLink":"True","openInNewTab":"True"},{"link":{"linkText":"Tax Exempt Program","title":"Tax Exempt Program","clickThrough":{"type":"url","value":"https://www.walmart.com/taxexempt/","rawValue":"https://www.walmart.com/taxexempt/"},"uid":"UDNi8zSy"},"isSFLink":"False","openInNewTab":"True"},{"link":{"linkText":"Get the Walmart App","title":"Get the Walmart App","clickThrough":{"type":"url","value":"https://walmart.onelink.me/UIev?pid=walmart.com\u0026af_web_dp=https%3A%2F%2Fwww.walmart.com%2Fcp%2Fwalmart-mobile-app%2F1087865\u0026c=Walmart.com%20Site%20Footer\u0026af_dp=walmart%3A%2F%2F","rawValue":"https://walmart.onelink.me/UIev?pid=walmart.com\u0026af_web_dp=https%3A%2F%2Fwww.walmart.com%2Fcp%2Fwalmart-mobile-app%2F1087865\u0026c=Walmart.com%20Site%20Footer\u0026af_dp=walmart%3A%2F%2F"},"uid":"E0SzbKzK"},"isSFLink":"False","openInNewTab":"False"},{"link":{"linkText":"Sign-up for Email","title":"Sign-up for Email","clickThrough":{"type":"url","value":"https://www.walmart.com/account/communications-and-privacy?section=marketingemails","rawValue":"https://www.walmart.com/account/communications-and-privacy?section=marketingemails"},"uid":"7Lhnk2mS"},"isSFLink":"False","openInNewTab":"False"},{"link":{"linkText":"Terms of Use","title":"Terms of Use","clickThrough":{"type":"url","value":"/help/article/walmart-com-terms-of-use/3b75080af40340d6bbd596f116fae5a0","rawValue":"/help/article/walmart-com-terms-of-use/3b75080af40340d6bbd596f116fae5a0"},"uid":"0zMqEcVI"},"isSFLink":"False","openInNewTab":"False"},{"link":{"linkText":"Privacy \u0026 Security","title":"Privacy \u0026 Security","clickThrough":{"type":"url","value":"https://corporate.walmart.com/privacy-security","rawValue":"https://corporate.walmart.com/privacy-security"},"uid":"v8SRLDKw"},"isSFLink":"False","openInNewTab":"True"},{"link":{"linkText":"CA Privacy Rights","title":"CA Privacy Rights","clickThrough":{"type":"url","value":"https://corporate.walmart.com/privacy-security/california-privacy-rights","rawValue":"https://corporate.walmart.com/privacy-security/california-privacy-rights"},"uid":"9Ni6sNcm"},"isSFLink":"True","openInNewTab":"True"},{"link":{"linkText":"California Supply Chain Act","title":"California Supply Chain Act","clickThrough":{"type":"url","value":"https://corporate.walmart.com/california-transparency","rawValue":"https://corporate.walmart.com/california-transparency"},"uid":"m7MuhLuF"},"isSFLink":"False","openInNewTab":"True"},{"link":{"linkText":"Do Not Sell My Personal Information","title":"Do Not Sell My Personal Information","clickThrough":{"type":"url","value":"https://www.walmart.com/account/api/ccpa-intake?native=false\u0026app=gm\u0026type=sod","rawValue":"https://www.walmart.com/account/api/ccpa-intake?native=false\u0026app=gm\u0026type=sod"},"uid":"1EAiCJOO"},"isSFLink":"True","openInNewTab":"True"},{"link":{"linkText":"Request My Personal Information","title":"Request My Personal Information","clickThrough":{"type":"url","value":"https://www.walmart.com/account/api/ccpa-intake?native=false\u0026app=gm\u0026type=access","rawValue":"https://www.walmart.com/account/api/ccpa-intake?native=false\u0026app=gm\u0026type=access"},"uid":"vNAKHfwt"},"isSFLink":"True","openInNewTab":"True"}]}}]}},"headers":{}},"cv":{"account":{"_all_":{"vuduLibraryUrl":"https://video.walmart.com/content/account/purchasehistory","enableAccountDWeb":true,"registriesUrl":"/my-registries","enableGoogleAutoComplete":true,"enableMyItemsMenu":true,"enablePostalCodeMessage":false,"enableLocationAutoComplete":true,"eBookUrl":"https://www.walmart.com/account/redirect/kobo?page=library","enableAccountWallet":true,"isInHomeEnabled":true,"ccpaUrl":"/account/ccpa-reporting","enableAccountMWeb":true,"enableSubscriptionModule":true,"walmartPlusUrl":"https://www.walmart.com/grocery/account/plus/overview","enablePostalCodeOnly":false,"listsUrl":"/lists","enableZipcodeInAddressSelector":false,"placeholder":1,"enableWalmartPlus":true,"customCakeUrl":"https://www.walmart.com/order-ahead/cake","itemSubscriptionUrl":"https://www.walmart.com/m/deals/subscriptions/manage","communicationAndPrivacyUrl":"/account/communications-and-privacy","enableWalmartPlusPreference":true,"walmartAssociateUrl":"https://www.walmart.com/account/associate-discount","pharmacyUrl":"https://www.walmart.com/pharmacy/dashboard","enableFeatureCommsAndPrivacy":true,"protectionPlanUrl":"/protection-plans","enchancedAccountPharmacyUrl":"https://www.walmart.com/cp/5431","enableItemSubscriptionRamp":false,"reorderUrl":"https://www.walmart.com/my-items","enableAvsOverride":true,"shouldUpdateCartAfterUpdateZipcode":true,"ccpaNewRequestUrl":"https://www.walmart.com/account/api/ccpa-intake?native=false\u0026amp;type=access","autoCareCenterUrl":"https://www.walmart.com/cp/auto-services/1087266","isFCShippingEnabled":true,"enableItemSubscription":true,"enableAddressLineOneAutofill":false,"enableInHomeAddress":true}},"cart":{"_all_":{"enableCapOne":true,"enableItemUpdates":true,"enableWalmartPlusIntegratedSignUp":true,"enableItemSwitchableBadge":true,"enablePartialCheckout":true,"enableATCOptimization":true,"enableATCRateLimitingMessage":true,"enableGXOSignInNudge":true,"enableSubstituteOOS":true,"enableACCScheduling":true,"enableCapOneRewards":true,"enableGuestCheckout":true,"enablePartialSwitchModuleLevel":true,"enableCallouts":true,"enableAffirm":true,"enableItemNotSwitchableBadge":true,"enableWplusThirtyDaystrial":true,"enableWplus":true,"enableEbt":true,"enableSFL":true,"enableSetPickupMutation":true,"enableAddOnServicesPAC":true,"enableCarePlansAndHomeServices":true,"enableSetShippingOrDeliveryMutation":true,"enableWirelessFreebiePromo":true,"enableRegistry":true,"enableCartGIC":true,"enableSubstituteOOSV2":false,"enableShippingIntent":true,"enableOmniPromise":true,"enableEnhancedEmptyCart":true,"enableWirelessPostpaid":true,"enableQueueing":true,"sflCountPerPagination":20,"enableProductTileV2":false,"enableFulfillmentHeadersV2":true,"enableEarlyAccess":true,"enableInHomeDelivery":true,"enableLastCall":true,"enableAccSchedulingFindStores":true,"enableOOSHotFix":true,"disableGetCartCSR":false,"enableSFLPerformanceMode":false,"enablePAC":true,"enableNonConfigBundles":true,"enableShopSimilar":false,"enableSigninBenefits":true,"enableWplusFulfillmentBanner":true,"enablePACCheckout":false,"initialSFLCount":10,"enableCXOPrefetch":true,"enableItemSwitchableTempBadge":false,"enableAEBadge":true,"enableATCAnimation":false,"enableStoreSnackBarMessage":false}},"bookslot":{"_all_":{"gmStoreMessageForNoUSPSlot":true,"enableWirelessPostpaid":true,"walmartPlusFreeDelivery":true,"enablePriorityTimesIntegratedSignup":true,"enableWalmartPlusIntegratedSignUp":true,"hidePickupSlotPrice":true,"alcoholRestrictedSlotsFilterEnable":true,"disableMergeAndGetCartCSR":false,"enableBlockRegistrantAddressDelivery":true,"enableEarliestAvailableSlotPreselection":false,"enableFulfillmentIntent":true,"enableNoSlotPreselectionOnTabSwitch":false,"enableSlotPreSelectionV2":true,"enableEarliestAvailableDayPreselection":false,"enablePickupOnShippingIntent":true,"enableNoPickupSlotSelectionForDefaultStore":true,"enableWalmartPlus":true,"nodeSelectableOnlineEnable":true,"enableStoreHours":true,"hideStoreChooserDefaultAlert":true,"tempoCacheExpirationInSeconds":300,"enablePriorityTimes":true,"maxCountOfStoresForInventory":5,"disableFreeDeliveryBannerForExpressOnlyStores":true,"enablePreselectionV2UserIntentOverReservation":false,"enableInHomeSlotsQueryHeader":true,"mergeSlotsEnable":true}},"header":{"_all_":{"showNavLinks":true,"isAlertBarEnabled":true,"fetchLocationCSROnLoad":true,"fetchLocation":true,"enableGIC":false,"calloutViewsPerIdPerBSTC":1,"calloutViewsPerIdPerVTC":2,"maxCalloutsPerBSTC":4,"showOptOut":true,"calloutsEnabled":true,"showAddressLineOne":true,"navLinks":"'[{\"name\": \"Grocery\",\"link\": \"https://www.walmart.com/cp/1735450\"},{\"name\": \"Tech\",\"link\": \"https://www.walmart.com/cp/electronics/3944\"},{\"name\": \"Fashion\",\"link\": \"https://www.walmart.com/cp/clothing/5438\"},{\"name\": \"Home\",\"link\": \"https://www.walmart.com/cp/home/4044\"},{\"name\": \"Gifts for mom\",\"link\": \"https://www.walmart.com/shop/all-gifts\"},{\"name\": \"Deals\",\"link\": \"https://www.walmart.com/shop/deals\"},{\"name\": \"Flash picks\",\"link\": \"https://www.walmart.com/shop/deals/flash-picks\"},{\"name\": \"Walmart+\",\"link\": \"https://www.walmart.com/plus\"}]'"}},"pulse":{"_all_":{"alwaysAllowedTagList":"","logLevel":"info","enableV1Schema":true,"enableQuantumMetric":true}},"footer":{"_all_":{"enableXOFeedback":true,"hideGiveFeedbackSection":true}},"shared":{"_all_":{"enableQueueing":false,"enableExpressSla":true,"aeModuleHeaderText":"Black Friday Deals pickup","helpLinkReturnRefunds":"https://www.walmart.com/help/channel/returns-and-refunds/5a33a1f61af8479e9d1bd8b727e9e761","legacySiteDirectspendingRedirectEnabled":false,"itemReservationsBannerText":"left to buy your item","helpLinkMobileAlertsTerms":"https://www.walmart.com/help/article/mobile-alerts-terms-of-use/499122d9bba94d08b50e8facf42fcc82","bookSlotPersistentFilterEnable":false,"helpLinkMPReturnPolicy":"https://www.walmart.com/help/article/walmart-marketplace-return-policy/63c3566a9d3546858582acae2fbfdb7e","helpLinkTermsOfUse":"https://www.walmart.com/help/article/walmart-com-terms-of-use/3b75080af40340d6bbd596f116fae5a0","placeholder":"US","legacySiteNGRedirectEnabled":false,"legacySiteInhomeRedirectEnabled":false,"legacySiteEbtRedirectEnabled":false,"enableWaitingHallway":true,"disableGetCartSSR":true,"enableAdSessionId":true,"queueTimeToCompletePurchase":10,"helpLinkStorePurchase":"https://www.walmart.com/help/article/view-store-purchases/f56a1afbf3b5428bb69f0124daa49108","beaconWithQuantumMetrics":false,"enableFullPageCart":true,"enableGifting":true,"enableHubAndSpoke":true,"queueRefetchInterval":5000,"queueMaxRefetchDuration":900000,"enableAstCookie":true,"enableSinglePageXO":false,"savingsRecommendationFlag":0}},"product":{"_all_":{"enableBuyNowAuthModal":true,"enableBuyNowAssociateDiscount":true,"uhOhCacheTTLValue":0,"featureEkoVideo":true,"enableReviewsGql":true,"enablePartialRenderDesktop":true,"enableLocationClarity":true,"featureImageZoomMobile":true,"enableSizeGuide":false,"endpointEGiftCardLandingPage":"https://giftcards.walmart.com","eGiftCardsEndpoint":"","enableLegalDisclaimer":true,"featureImageSizeEnum":3,"disableBuyNowForGuests":true,"enableP3NGql":true,"addOnServiceRef":"","enableSeoGql":true,"error5XCodes":500,"enableFitmentWidget":true,"enableAffirmMessage":true,"enableShippingRestrictionDisclaimer":true,"enableIdmlGql":true,"enableThreeSixtyImagesForHero":true,"enableWirelessPreOrder":true,"enableMPLegalRequirements":true,"enableLocationExpansion":true,"enableBrandLink":true,"featureDoubleTapImageZoomMobile":false,"enableGiftingNote":true,"enableACC":true,"enableVariantEnhancements":false,"enableNonConfig":true,"enableVariantFulfillmentBadges":true,"enableBuyNow":true,"nearByNodesCacheTTLValue":0,"enableItemIbotta":false,"enableFeatureTest":false,"enableSubmapPriceMessaging":true,"enableFitmentGql":true,"enableCarePlansAndHomeServices":true,"enableWysiwygFulfillmentPref":false,"error4XCodes":"400,404","seoModulesEnable":true,"enableWirelessFreebiePromo":true,"enableAtfBtfSplit":true,"enablePhysicalGiftCards":true,"enableWirelessPostpaid":true,"featureCompleteTheLook":false,"enableBuyNowTaxesAndFeeDetails":true,"sspVersion":"v1","enableBuyNowShipping":false,"enableFirstVCDisplay":true,"enableFreightShipping":true,"featureImageHoverZoomDesktop":false,"enableATCDisableOnCartOOS":false,"enable3PFulfillmentLabel":true,"cartOOSOperationalErrorCodes":"OUT_OF_STOCK,out_of_stock","enablePartialRenderMobile":true,"enableBuyNowShippingOptions":true,"enableHideFFLink":false,"enableZeekit":true,"enableCheckGlobalDfsAvailability":false,"enableBlitz":true,"placeholder":1,"enableFsaHsaBadging":true,"enableLazyFetchP3N":false,"featureImageZoomDesktop":true,"featureLocationClarity":false,"enableFitPredictor":true,"sspSnippetVersion":"1.3.0","enableCapitalOneBanner":true,"enableBuyNowAccelerated":false,"enableNutritionFacts":true,"sspEnvironment":"prd","enableFitmentBlueWidget":true,"enableVariantCSR":true,"enableStrikethroughPricesDisclaimer":true,"enableAffirmGql":true,"enableProductFeedbackLink":true,"enable3PShippingPrice":true,"sspEligibleCategories":5438,"sspShowSubscribedEvents":false,"clientFetchTimeoutMs":30000,"snapEligible":true,"enableZipcodeLink":true,"enableOfferbyIdFix":false,"enableVideoForHeroCarousel":true,"enableLogging":false,"enableWirelessPrepaid":true}},"list":{"_all_":{"addGenericItemToListEnable":true,"heartingDebounceTime":200,"updateQuantityEnable":true,"digitalRewardsEnable":false,"backToSchoolEnable":false,"heartingPageWhitelist":"homePage,browseResults,searchResults,itemPage,myItems","loggingEnable":true,"postMVPFeaturesEnable":false,"defaultSortOrder":"\"\"","bulkAddToCartEnable":false,"shareEnable":true,"heartingEnable":false,"pageSizeDesktop":20,"excludeListType":"RL","findSimilarEnable":true,"heartingCacheTimeoutMs":120000,"pageSizeMobile":15,"addToListEnable":true,"addItemSearchDebounceTime":300,"rootUrl":"","timeoutMs":30000,"makePrimaryEnable":false,"glassListsEnable":true,"createListsEnable":true,"csrEnable":false,"addToCartEnable":true,"createListItemPageEnable":true,"settingsEnable":true}},"registry":{"_all_":{"rr":"Registry for Good","pageSizeMobilePrint":50,"addToRegistryEnable":true,"searchByNameEnable":true,"categorizedLandingEnable":true,"purchasedSoFarEnable":true,"charityOfChoiceEnable":false,"loggingEnable":true,"br":"Baby Registry","defaultSortOrder":"DEPARTMENT_NAME","postMVPFeaturesEnable":false,"deleteRegistryEnable":true,"storePurchasedReturnsEnable":false,"pageSizeDesktop":28,"pageSizeDesktopPrint":100,"wr":"Wedding Registry","glassRegistryEnable":true,"registryPublicPrivateEnable":true,"createRegistryEnable":true,"pageSizeMobile":14,"defaultFilter":"ALL","searchByLocationEnable":true,"enableRegistries":"BR,ER,WR,RR","er":"Events Registry","rootUrl":"","timeoutMs":30000,"fullGlassEnable":true,"csrEnable":false,"npoAddressPublicEnable":false,"addToCartEnable":true}},"ads":{"_all_":{"spMq2Measure3PEnable":true,"adResponseBeaconEnable":true,"adPreviousResponseNullCheck":true,"displayProductPos":true,"spMq2Measure1PEnable":true,"ipMq1RenderEnable":true,"ipSkReqEnable":true,"bpMq2Measure1PEnable":true,"displayOrderDeduplication":true,"measure3PImpEnable":true,"cacheBusterTimeDiffMs":180000,"bpSkReqEnable":true,"bpMq2ReqEnable":true,"spMq1RenderEnable":true,"bpSkMeasure1PEnable":true,"adShowAtcFieldEnable":true,"bpSkMeasure3PEnable":true,"spMq2RenderEnable":true,"ipSpc2Measure1PEnable":true,"hpMq1Measure1PEnable":true,"displayPoVAdBlockerEnable":false,"hpMq1Measure3PEnable":true,"spSkRenderEnable":true,"bpSpc1ReqEnable":true,"displayUnitWrapperUnmount":true,"bpMq1ReqEnable":true,"displayAddlInfo":true,"adsXpa":"9nMgr,WqVri,QdefC,ZCBNY","displayCheckIp":false,"bpMq1RenderEnable":true,"adManualShelfIdCheck":true,"hpMq2RenderEnable":true,"moatIvt":"https://www.walmart.com/swag/v2/ip-rd","bpMq2RenderEnable":true,"hpMq1RenderEnable":true,"ipSpc2ReqEnable":true,"spSkMeasure1PEnable":true,"displaySbaLogospQs":true,"spSkMeasure3PEnable":true,"bpSpc1Measure1PEnable":true,"sbaMwebRedesignV2Enable":false,"displayProductsPos":false,"adSPIncrementDecrementCheck":true,"spMq1Measure1PEnable":true,"hpP3NMeasure1PEnable":true,"ipSkMeasure1PEnable":true,"adViewableGmBeaconCheck":true,"spMq1Measure3PEnable":true,"bpMq1Measure1PEnable":true,"ipSpc1ReqEnable":true,"updateAdV2Query2StoreEnable":false,"spMq2ReqEnable":true,"bpSkRenderEnable":true,"lazyRenderCmp":false,"ipMq1Measure3PEnable":true,"ipMq1Measure1PEnable":true,"spSkReqEnable":true,"displayPreviousRenderCheck":true,"safeframeURL":"https://i5.walmartimages.com/dfw/63fd9f59-d6ba/07b8ea82-184c-4ea3-8ac0-5dc1981e40c8/v33/safeframe.html","hpMq1ReqEnable":true,"bpMq1Measure3PEnable":true,"displayPPMMode":true,"ipSpc1Measure1PEnable":true,"bpBigMeasure1PEnable":true,"sbaMwebRedesignV1Enable":false,"ipSkMeasure3PEnable":true,"ipMq1ReqEnable":true,"ipMq2Measure1PEnable":true,"ipMq2Measure3PEnable":true,"hpMq2Measure3PEnable":true,"hpMq2Measure1PEnable":true,"spMq1ReqEnable":true,"spSpc1ReqEnable":true,"ipP3NMeasure1PEnable":true,"bpMq2Measure3PEnable":true,"displayDeduplication":true,"adCategoryTakeoverCheck":true,"blockInternal":true,"ipSkRenderEnable":true,"hpMq2ReqEnable":true,"ipMq2ReqEnable":true,"spSpc1Measure1PEnable":true,"ipMq2RenderEnable":true}},"subscription":{"_all_":{"enableSubscribeButton":true,"termsOfUsePathname":"https://www.walmart.com/help/article/walmart-com-terms-of-use/f25b207926d84d79b57e6ae2327bbf12","enableSubscribeOnItemPage":true,"enableSavings":false,"subscriptionsTermsPathname":"https://www.walmart.com/help/article/walmart-smart-life-item-subscription-terms-of-use/fa9b520599e24ae395aacf3aa4ef6fa3","feedbackInputEntityType":"walmart_us_glass_subscription_cancellation","wplusImageUrl":"//i5.walmartimages.com/dfw/63fd9f59-ac39/29c6759d-7f14-49fa-bd3a-b870eb4fb8fb/v1/wplus-icon-blue.svg","privacyPolicyUrl":"https://corporate.walmart.com/privacy-security/walmart-privacy-policy","contactUsHelpUrl":"https://www.walmart.com/help","enableSubscriptionWallet":false}}}},"enableGqlCsrRedirect":true,"nonce":"G2YyF-qPlAwuzCFX","adSessionId":"99839538a2b9de15a620a25c655ff826;TBV|adblocked|dimensionData|_pxvid|ACID|hasACID|vtc|locGuestData|AID|com.wm.reflector"}},"page":"/ip/[...itemParams]","query":{"athbdg":"L1600","itemParams":["Lay-s-Classic-Potato-Chips-Party-Size-13-oz-Bag","677669806"]},"buildId":"production_20220429T000259073Z-en-US","assetPrefix":"https://i5.walmartimages.com/dfw/63fd9f59-a745/9f24657f-1aa3-4e02-b75b-0963d3d7f75f/v2/en-US","runtimeConfig":{"nxApplicationName":"US-JOURNEY","isDev":false,"enableLatencyTrace":true,"enablePersistedQueries":false,"tenant":"WM_GLASS","tenantV2":{"bu":"WALMART-US","mart":"B2C"},"mockURL":"http://mock-backend.dev.walmart.com/","mock":true,"endpointMappings":{"operations":{"query configuration":"cegateway","query ContentPage":"cegateway","query checkItemCartEligibility":"cecxo","mutation MergeAndGetCart":"cecxo","query getGuestOrder":"cegateway","query PurchaseHistory":"cecph","mutation NotifyCapOneBannerSnooze":"cegateway","mutation CancelOrder":"cecph","query LastCallPage":"cegateway","query AdV2Display":"adsgateway","query GetCommPreference":"cegateway","query PurchasedProtectionPlans":"cecph","query ProtectionPlanDetail":"cecph","query subscriptions":"cegateway","query CartSubstitutions":"cegateway","query CartShopSimilar":"cegateway","query GetEarlyAccessLearnMoreData":"ceaccount","query PostCartLoadPage":"cegateway"},"queryStrings":{"step=cart":"cecxo","step=bookslot":"cecxo","entitytype=*":"ceorders","state=*":"ceorders","source=*":"ceorders"},"pages":{"*":"cegateway","/":"cegateway","/404":"cegateway","/account/*":"cegateway","/all-departments":"cegateway","/browse/*":"cegateway","/c/[...seo]":"cegateway","/ci-control":"cegateway","/cp/[...categoryParams]":"cegateway","/content/[...categoryParams]":"cegateway","/help/*":"cegateway","/ip/[...itemParams]":"cegateway","/lists/*":"cegateway","/my-items":"cegateway","/my-registries":"cegateway","/shop/*":"cegateway","/shop/[...seo]":"cegateway","/nonprofits/*":"cegateway","/orders/*":"ceorders","/partner/plus/*":"cegateway","/plus/*":"cegateway","/product/[...itemParams]":"cegateway","/registry/*":"cegateway","/reviews/*":"cegateway","/search/*":"cegateway","/seller/*":"cegateway","/services":"cegateway","/thankyou":"cecxo","/topic/[...seo]":"cegateway","/tp/*":"cegateway","/update-payment-method-form":"cegateway","/update-payment-method":"cegateway","/wallet/associate-discount":"cegateway","/subscriptions/manage":"cegateway","/cart":"cecxo","/pac":"cecxo"}},"googleMaps":{"checkAddressAPIKey":"AIzaSyCX5gh3yoq4316wUDxRpljFOwWA6_-BEMg","addressAPIKey":"AIzaSyBIAnB1a3UejjFVRNtszhaEE8yrKySRTEo","geoCodingAPIKey":"AIzaSyBvv63fBVZ1RtNJLGkN9XCFE1WfVl0o1HY","riseMapAPIKey":{"dev":"AIzaSyA9K6pBcYvCp4_FxKHsPi-JDJfvcvSbtp0","defaultKey":"AIzaSyA0Gi6N7afDzAqBiPI3MlWDMaaxC5xKldM"}},"pulseBeacon":{"enable":true,"hostname":"i5.walmartimages.com","bd":"beacon.walmart.com","bh":"beacon.lightestwithqm.walmart.com","hostWithQM":"beacon.lightestwithqm.walmart.com","hostWithoutQM":"beacon.lightest.walmart.com"},"perimeterX":{"enable":true,"initScript":"https://www.walmart.com/px/PXu6b0qd2S/init.js"},"identity":{"context":{"signOutUrl":"https://www-e16.walmart.com/account/logout","signInPathname":"/account/login","createAccountPathname":"/account/signup"},"authFrameRoutes":{"frame":"/account/login","gxoSignin":"/account/login","gxoSignup":"/account/signup/gxo","reauthFrame":"/account/login"}},"threatMetrix":{"enable":true},"paymentsPageUrl":"https://wallet.walmart.com/payments?wv=main","paymentsChooserPageUrl":"https://wallet.walmart.com/payments/chooser","moatIvt":"https://www.walmart.com/swag/v2/ip-rd","appVersion":"main-496-cc0b9e","appSha":"cc0b9ef222673c5e2149959ef2c012261ddb6162","profile":"production","tmxOrgId":"hgy2n0ks","dataCenter":"scus","queryContext":{"appVersion":"main-496-cc0b9e","isPerimeterXTest":false,"gql":{"endpointsByName":{"ceaccount":"/orchestra/account/graphql","cecxo":"/orchestra/cartxo/graphql","cecph":"/orchestra/cph/graphql","adsgateway":"/swag/graphql","ceorders":"/orchestra/orders/graphql","cegateway":"/orchestra/home/graphql"}},"rest":{"endpointsByName":{"cereturns":"/orchestra/api/returns","ceaccount":"/orchestra/api/account","cehelp":"/orchestra/help/api","cehelpchat":"/orchestra/helpChat/api","ceidentity":"/orchestra/account/electrode/api/identity","typeahead":"/typeahead/v3/complete","espvalidation":"/esp/prepaid/v1/plans","warppaymentoptions":"/orchestra/api/online/variantbasic/item","cewarp":"/orchestra/api/warp","ceccm":"/orchestra/api/ccm/v1/bootstrap","cewireless":"/orchestra/api/wireless"}}}},"isFallback":false,"dynamicIds":[63446,46445,81410,73045,44182,44616,75565,42768,16879,51317,43903],"customServer":true,"gip":true,"appGip":true,"locale":"en","locales":["en"],"defaultLocale":"en","scriptLoader":[]}</script><script src="//i5.walmartimages.com/a14/cdn-doms-usgm.js" nonce="G2YyF-qPlAwuzCFX"></script><script async="async" defer="defer" src="//i5.walmartimages.com/a14/cdn-perf.min.js" nonce="G2YyF-qPlAwuzCFX"></script><script nonce="G2YyF-qPlAwuzCFX">window.SW_DOMAIN = "walmart.com"</script><script nonce="G2YyF-qPlAwuzCFX">(function(e){var t=e.document;BOOMR=e.BOOMR||{};BOOMR.plugins=BOOMR.plugins||{};var n={localStorageTestKey:"TorbitLSTest",pageTags:[],pageConversions:[],initHasRun:false};BOOMR.plugins.pageMeta={init:function(r){initHasRun=true;try{localStorage.setItem(n.localStorageTestKey,n.localStorageTestKey);localStorage.removeItem(n.localStorageTestKey);BOOMR.addVar("ls",1)}catch(i){BOOMR.addVar("ls",0)}if(e.location.protocol=="https:")BOOMR.addVar("prt",1);else BOOMR.addVar("prt",0);BOOMR.addVar("ref",t.referrer);if(e.performance&&e.performance.memory){for(m_name in e.performance.memory){if(e.performance.memory.hasOwnProperty(m_name)){BOOMR.addVar(m_name,e.performance.memory[m_name])}}}BOOMR.addVar("wH",e.innerHeight||t.body.clientHeight||t.documentElement.clientHeight);BOOMR.addVar("tags",n.pageTags.join("|"));return this},addTag:function(e){n.pageTags.push(e);if(!n.initHasRun){return}BOOMR.addVar("tags",n.pageTags.join("|"))},addConversion:function(e,t){var r=e;if(t&&(t>0||t.length>0))r=e+"="+t;n.pageConversions.push(r);BOOMR.addVar("conversion",n.pageConversions.join("|"))},is_complete:function(){return true}}})(window);(function(e){try{e._tbq=e._tbq||[];_tbq.push=function(e){if(e.length<1||!e[0])return;switch(e[0]){case"tag":if(e.length<2)return;BOOMR.plugins.pageMeta.addTag(e[1]);break;case"startTimer":if(e.length<2)return;BOOMR.plugins.customEvents.startTimer(e[1]);break;case"endTimer":if(e.length<2)return;BOOMR.plugins.customEvents.endTimer(e[1]);break}};for(i in _tbq){if(_tbq.hasOwnProperty(i)&&i!="push"){_tbq.push(_tbq[i]);delete _tbq[i]}}}catch(t){}})(window);</script><script nonce="G2YyF-qPlAwuzCFX">window._pxAppId = 'PXu6b0qd2S'</script><iframe src="https://tap.walmart.com/v1/tapframe?department=Food&amp;category=Snacks%2C%20Cookies%20%26%20Chips&amp;subcategory=Chips&amp;department_id=976759&amp;category_id=976787&amp;subcategory_id=1001390&amp;item_ids=677669806&amp;offer_type=STORE&amp;item_prices=%244.48&amp;host=https%253A%252F%252Fwww.walmart.com%252Fbrowse%252Ffood%252Fchips%252F976759_976787_1001390" referrerpolicy="no-referrer-when-downgrade" title="empty" tabindex="-1" aria-label="empty" aria-hidden="true" style="width: 0px; height: 0px; border: 0px none; display: inherit;"></iframe><script async="async" defer="defer" src="/px/PXu6b0qd2S/init.js" nonce="G2YyF-qPlAwuzCFX"></script><noscript><img src="https://www.walmart.com/akam/13/pixel_31125f5f?a=dD1iZmE2ZDJjMjc3Y2NjZTMwODVkZTRlZGNhNDE1MjEyODU0ZDhlZjJkJmpzPW9mZg==" style="visibility: hidden; position: absolute; left: -999px; top: -999px;" /></noscript><next-route-announcer><p aria-live="assertive" id="__next-route-announcer__" role="alert" style="border: 0px none; clip: rect(0px, 0px, 0px, 0px); height: 1px; margin: -1px; overflow: hidden; padding: 0px; position: absolute; width: 1px; white-space: nowrap; overflow-wrap: normal;"></p></next-route-announcer><script src="https://i5.walmartimages.com/dfw/63fd9f59-a745/9f24657f-1aa3-4e02-b75b-0963d3d7f75f/v2/en-US/_next/static/chunks/50329-a6eef8d87d6c7e7b8063.js"></script><script src="https://i5.walmartimages.com/dfw/63fd9f59-a745/9f24657f-1aa3-4e02-b75b-0963d3d7f75f/v2/en-US/_next/static/chunks/4128-498762b51a3abd1bc7eb.js"></script><script src="https://i5.walmartimages.com/dfw/63fd9f59-a745/9f24657f-1aa3-4e02-b75b-0963d3d7f75f/v2/en-US/_next/static/chunks/8554-010f2954ea4402e74f6b.js"></script><script src="https://i5.walmartimages.com/dfw/63fd9f59-a745/9f24657f-1aa3-4e02-b75b-0963d3d7f75f/v2/en-US/_next/static/chunks/54281-f7eebc3a8d6272c28de2.js"></script><script src="https://i5.walmartimages.com/dfw/63fd9f59-a745/9f24657f-1aa3-4e02-b75b-0963d3d7f75f/v2/en-US/_next/static/chunks/28399-03615ee86784dd9c7c82.js"></script><script src="https://i5.walmartimages.com/dfw/63fd9f59-a745/9f24657f-1aa3-4e02-b75b-0963d3d7f75f/v2/en-US/_next/static/chunks/41070-c50dea95283cae8dc819.js"></script><script src="https://i5.walmartimages.com/dfw/63fd9f59-a745/9f24657f-1aa3-4e02-b75b-0963d3d7f75f/v2/en-US/_next/static/chunks/pages/my-items-7915cff08d70eb8aa047.js"></script></body></html>