<!DOCTYPE html>
<html lang="en"><head nonce="mdSnWJ7LbT93V6OW"><link href="//dis.criteo.com" rel="dns-prefetch"/><link href="//ib.adnxs.com" rel="dns-prefetch"/><link href="//secure-assets.rubiconproject.com" rel="dns-prefetch"/><link href="//beam.hlserve.com" rel="dns-prefetch"/><link href="//pubads.g.doubleclick.net" rel="dns-prefetch"/><link href="//omniture-ssl.walmart.com" rel="dns-prefetch"/><link href="//omniture.walmart.com" rel="dns-prefetch"/><link href="//p.typekit.net" rel="dns-prefetch"/><link href="//pagead2.googlesyndication.com" rel="dns-prefetch"/><link href="//partner.googleadservices.com" rel="dns-prefetch"/><link href="//tpc.googlesyndication.com" rel="dns-prefetch"/><link href="//beacon.walmart.com" rel="dns-prefetch"/><link href="//b.wal.co" rel="dns-prefetch"/><link href="//i5.wal.co" rel="dns-prefetch"/><link href="//i5.walmartimages.com" rel="dns-prefetch"/><meta content="width=device-width" name="viewport"/><meta charset="utf-8"/><meta content="105223049547814" property="fb:app_id"/><link as="font" crossorigin="anonymous" href="https://i5.walmartimages.com/dfw/63fd9f59-a78c/fcfae9b6-2f69-4f89-beed-f0eeb4237946/v1/BogleWeb_subset-Bold.woff2" rel="preload" type="font/woff2"/><link as="font" crossorigin="anonymous" href="https://i5.walmartimages.com/dfw/63fd9f59-a78c/fcfae9b6-2f69-4f89-beed-f0eeb4237946/v1/BogleWeb_subset-Regular.woff2" rel="preload" type="font/woff2"/><script nonce="mdSnWJ7LbT93V6OW">var _bcq=_bcq || [];_bcq.push(['_setOptions',{start_time:(new Date()).getTime(),bd:'beacon.walmart.com',bh:'beacon.lightestwithqm.walmart.com',sv:'1.1.5'}]);(function initObserver(){function getSessionId(){var nextEl=document.getElementById("__NEXT_DATA__");var text=nextEl && nextEl.textContent;var dd;try{dd=JSON.parse(text || "{}");}catch (exc){dd={};}var sid=dd && dd.props && dd.props.pageProps && dd.props.pageProps.isomorphicSessionId;return sid || "unknown";}function getContextInfo(propName){var nextEl=document.getElementById("__NEXT_DATA__");var text=nextEl && nextEl.textContent;var dd;try{dd=JSON.parse(text || "{}");}catch (exc){dd={};}return dd && dd.runtimeConfig && dd.runtimeConfig[propName] || "unknown";}function onerror(evt){var el=evt.target;var url=el.getAttribute("src") || el.getAttribute("href");_bcq.push(["_tagAction","walmartWeb","log","wcnp_walmart-web",{msg:{isomorphicSessionId:getSessionId(),appVersion:getContextInfo("appVersion"),datacenter:getContextInfo("dataCenter"),message:{logContent:{message:"Required script failed to load. " + url},type:"CONSOLE_ERROR"},tags:["error","platform","client-error-logger"]},pg:{nm:"walmartWeb"},ta:{}}]);}function onchange(changes){if (!(changes && changes.length)){return;}for (var chg of changes){var added=chg.addedNodes;if (!(added && added.length && chg.type ==="childList")){continue;}var node=added[0];var tag=node.nodeName;var rel=node.rel;var isLink=tag ==="LINK";var isCss=isLink && rel ==="stylesheet";var isPreload=isLink && rel ==="preload" && ["font","style"].indexOf(node.as) >=0;if (tag ==="SCRIPT" || isCss || isPreload){node.onerror=onerror;}}}var observer=new MutationObserver(onchange);observer.observe(document,{attributes:true,childList:true,subtree:true});return{getSessionId:getSessionId,getContextInfo:getContextInfo,observer:observer,onchange:onchange,onerror:onerror};})();</script><script async="" nonce="mdSnWJ7LbT93V6OW" src="//i5.walmartimages.com/beacon/beacon.js?bd=beacon.walmart.com&amp;bh=beacon.lightestwithqm.walmart.com"></script><link as="image" href="//i5.walmartimages.com/dfw/63fd9f59-b3e1/7a569e53-f29a-4c3d-bfaf-6f7a158bfadd/v1/walmartLogo.svg" rel="preload"/><title>Sun Care - Walmart.com</title><meta content="Protect yourself from the sun's harmful rays and get a beautiful sun-kissed glow with our top selection of sunscreen, self-tanners, bronzers, tanning lotions &amp; oils, and more! Shop Coppertone, Banana Boat, Neutrogena, Aveeno + our excellent selection of natural and mineral sunscreens. Free 2-Day Shipping on top sun care. " name="description"/><link href="https://www.walmart.com/browse/personal-care/sun-care/1005862_1001508" rel="canonical"/><meta content="https://www.walmart.com/browse/personal-care/sun-care/1005862_1001508" property="og:url"/><meta content="Protect yourself from the sun's harmful rays and get a beautiful sun-kissed glow with our top selection of sunscreen, self-tanners, bronzers, tanning lotions &amp; oils, and more! Shop Coppertone, Banana Boat, Neutrogena, Aveeno + our excellent selection of natural and mineral sunscreens. Free 2-Day Shipping on top sun care. " property="og:description"/><meta content="Sun Care - Walmart.com" property="og:title"/><meta content="https://i5.walmartimages.com/asr/9577a90f-7cf4-4c93-a12a-d13a20162047_1.5db328c9b3a2556b364a6a91006c31d4.jpeg?odnHeight=180&amp;odnWidth=180&amp;odnBg=FFFFFF" property="og:image"/><meta content="Website" property="og:type"/><meta content="Walmart.com" property="og:site_name"/><script nonce="mdSnWJ7LbT93V6OW" type="application/ld+json">{"@context":"https://schema.org","@type":"BreadcrumbList","itemListElement":[{"@type":"ListItem","position":1,"item":{"@type":"Thing","@id":"https://www.walmart.com/cp/personal-care/1005862","name":"Personal Care"}},{"@type":"ListItem","position":2,"item":{"@type":"Thing","@id":"https://www.walmart.com/cp/sun-care/1001508","name":"Sun Care"}}]}</script><meta content="18" name="next-head-count"/><link as="style" href="https://i5.wal.co/dfw/63fd9f59-e039/615722fa-18ec-427a-af70-ab78d9c9d0f1/v2/en-US/_next/static/css/7baa89255db6cf50f3c1.css-f6bec5ca5fb2adf62a93a23e4aa22d59b5f5b64e-br.css" nonce="mdSnWJ7LbT93V6OW" rel="preload"/><link data-n-g="" href="https://i5.wal.co/dfw/63fd9f59-e039/615722fa-18ec-427a-af70-ab78d9c9d0f1/v2/en-US/_next/static/css/7baa89255db6cf50f3c1.css-f6bec5ca5fb2adf62a93a23e4aa22d59b5f5b64e-br.css" nonce="mdSnWJ7LbT93V6OW" rel="stylesheet"/><noscript data-n-css="mdSnWJ7LbT93V6OW"></noscript><script defer="" nomodule="" nonce="mdSnWJ7LbT93V6OW" src="https://i5.wal.co/dfw/63fd9f59-e039/615722fa-18ec-427a-af70-ab78d9c9d0f1/v2/en-US/_next/static/chunks/polyfills-22f49077a08c8b727a92.js-2888a059fae99000732a24cf69becfa1d3132b0d-br.js"></script><script defer="" nonce="mdSnWJ7LbT93V6OW" src="https://i5.wal.co/dfw/63fd9f59-e039/615722fa-18ec-427a-af70-ab78d9c9d0f1/v2/en-US/_next/static/chunks/5338.aa39b8606d1de3c338d8.js-a51f98ef1236d79664d176491361dc7f537210fd-br.js"></script><script defer="" nonce="mdSnWJ7LbT93V6OW" src="https://i5.wal.co/dfw/63fd9f59-e039/615722fa-18ec-427a-af70-ab78d9c9d0f1/v2/en-US/_next/static/chunks/63446.126d0a14fc5fa3d720af.js-dcbc87f6989e089a21779e40a586e6f87ca66423-br.js"></script><script defer="" nonce="mdSnWJ7LbT93V6OW" src="https://i5.wal.co/dfw/63fd9f59-e039/615722fa-18ec-427a-af70-ab78d9c9d0f1/v2/en-US/_next/static/chunks/46445.b881e1bfa0f20507e9cd.js-39dc1b60a17db78c542603ab7c6229f0c70d5c17-br.js"></script><script defer="" nonce="mdSnWJ7LbT93V6OW" src="https://i5.wal.co/dfw/63fd9f59-e039/615722fa-18ec-427a-af70-ab78d9c9d0f1/v2/en-US/_next/static/chunks/81410.003596c858992796d940.js-ba25658dd6c710a72772f9baf5c9380a97c90343-br.js"></script><script defer="" nonce="mdSnWJ7LbT93V6OW" src="https://i5.wal.co/dfw/63fd9f59-e039/615722fa-18ec-427a-af70-ab78d9c9d0f1/v2/en-US/_next/static/chunks/35404.d9c1d93b8aa86928893f.js-216c415d8392a763c1d5932f7e52c2b089ae0aaa-br.js"></script><script defer="" nonce="mdSnWJ7LbT93V6OW" src="https://i5.wal.co/dfw/63fd9f59-e039/615722fa-18ec-427a-af70-ab78d9c9d0f1/v2/en-US/_next/static/chunks/49966.d184338b769a78914fc6.js-03e2d8b0b0d0e28ed670c8585edfe413151cf8e3-br.js"></script><script defer="" nonce="mdSnWJ7LbT93V6OW" src="https://i5.wal.co/dfw/63fd9f59-e039/615722fa-18ec-427a-af70-ab78d9c9d0f1/v2/en-US/_next/static/chunks/73045.6c4de63c5af0bcd70034.js-737b7270f34ca1ffc541015a564c1856a8b60851-br.js"></script><script defer="" nonce="mdSnWJ7LbT93V6OW" src="https://i5.wal.co/dfw/63fd9f59-e039/615722fa-18ec-427a-af70-ab78d9c9d0f1/v2/en-US/_next/static/chunks/1354.0e5015723ebf33570aa0.js-5475b3df32dfdb4c4d5a1d08b42dbb4326422b4c-br.js"></script><script defer="" nonce="mdSnWJ7LbT93V6OW" src="https://i5.wal.co/dfw/63fd9f59-e039/615722fa-18ec-427a-af70-ab78d9c9d0f1/v2/en-US/_next/static/chunks/10306.975c2534dc69a3ed4fef.js-1ea1ea9e923c95ad378a43c1d1c6fb45e449d2f5-br.js"></script><script defer="" nonce="mdSnWJ7LbT93V6OW" src="https://i5.wal.co/dfw/63fd9f59-e039/615722fa-18ec-427a-af70-ab78d9c9d0f1/v2/en-US/_next/static/chunks/1911.7275428757ec8e3a48bb.js-0bb16bf2fec9a3a1586099ffc0018b7df3b49067-br.js"></script><script defer="" nonce="mdSnWJ7LbT93V6OW" src="https://i5.wal.co/dfw/63fd9f59-e039/615722fa-18ec-427a-af70-ab78d9c9d0f1/v2/en-US/_next/static/chunks/66092.d6c0c081ac244d5a2bb0.js-c8bc4f77d9375daa8f511a4498ffa886280c278b-br.js"></script><script defer="" nonce="mdSnWJ7LbT93V6OW" src="https://i5.wal.co/dfw/63fd9f59-e039/615722fa-18ec-427a-af70-ab78d9c9d0f1/v2/en-US/_next/static/chunks/8554-4b4ac7eb009f25e3795e.js-23a0a4df755926473eb2eb3ce2b22e56382b65e8-br.js"></script><script defer="" nonce="mdSnWJ7LbT93V6OW" src="https://i5.wal.co/dfw/63fd9f59-e039/615722fa-18ec-427a-af70-ab78d9c9d0f1/v2/en-US/_next/static/chunks/82453.315845470c613e34337e.js-d183166766fab1f0498c7860c3999b6d3287d3c2-br.js"></script><script defer="" nonce="mdSnWJ7LbT93V6OW" src="https://i5.wal.co/dfw/63fd9f59-e039/615722fa-18ec-427a-af70-ab78d9c9d0f1/v2/en-US/_next/static/chunks/44616.9183607af80598eab0f4.js-20a20df4526a677e35ba113d0e0438de3cd03f36-br.js"></script><script defer="" nonce="mdSnWJ7LbT93V6OW" src="https://i5.wal.co/dfw/63fd9f59-e039/615722fa-18ec-427a-af70-ab78d9c9d0f1/v2/en-US/_next/static/chunks/webpack-f042785213d6a205ce3c.js-3b83cbb1851d3007da6b7e37a4f3cc6e37f6fe1c-br.js"></script><script defer="" nonce="mdSnWJ7LbT93V6OW" src="https://i5.wal.co/dfw/63fd9f59-e039/615722fa-18ec-427a-af70-ab78d9c9d0f1/v2/en-US/_next/static/chunks/main-69568291252d58120936.js-c5f22391e4683416e15f41b6b853fe010177afc1-br.js"></script><script defer="" nonce="mdSnWJ7LbT93V6OW" src="https://i5.wal.co/dfw/63fd9f59-e039/615722fa-18ec-427a-af70-ab78d9c9d0f1/v2/en-US/_next/static/chunks/pages/_app-b881abfe470b508247bd.js-75a3a9a9f295fb4dd916efc9d3f6c163c30233ca-br.js"></script><script defer="" nonce="mdSnWJ7LbT93V6OW" src="https://i5.wal.co/dfw/63fd9f59-e039/615722fa-18ec-427a-af70-ab78d9c9d0f1/v2/en-US/_next/static/chunks/50329-a6eef8d87d6c7e7b8063.js-510d03d327978848af54e405222a3e234057dcd4-br.js"></script><script defer="" nonce="mdSnWJ7LbT93V6OW" src="https://i5.wal.co/dfw/63fd9f59-e039/615722fa-18ec-427a-af70-ab78d9c9d0f1/v2/en-US/_next/static/chunks/42121-9e7148d007f15f7aa0cc.js-271a31d898ebd2bea5ee4ebdf5974764ac5ca3e6-br.js"></script><script defer="" nonce="mdSnWJ7LbT93V6OW" src="https://i5.wal.co/dfw/63fd9f59-e039/615722fa-18ec-427a-af70-ab78d9c9d0f1/v2/en-US/_next/static/chunks/4128-e4ab074359c28dbc52cd.js-b30ef35724a1280a89c76566317f159ffcf89ff6-br.js"></script><script defer="" nonce="mdSnWJ7LbT93V6OW" src="https://i5.wal.co/dfw/63fd9f59-e039/615722fa-18ec-427a-af70-ab78d9c9d0f1/v2/en-US/_next/static/chunks/54281-f7eebc3a8d6272c28de2.js-ef70c9b23e0f5777edf9eae2f8b8bb33361f69e8-br.js"></script><script defer="" nonce="mdSnWJ7LbT93V6OW" src="https://i5.wal.co/dfw/63fd9f59-e039/615722fa-18ec-427a-af70-ab78d9c9d0f1/v2/en-US/_next/static/chunks/28399-329bc1cbfe7567477d62.js-69ac478fcbf6bc23acdb3b810b667bd4dfc8ef4a-br.js"></script><script defer="" nonce="mdSnWJ7LbT93V6OW" src="https://i5.wal.co/dfw/63fd9f59-e039/615722fa-18ec-427a-af70-ab78d9c9d0f1/v2/en-US/_next/static/chunks/32972-659182fa28afa5e19d7f.js-7604ef37d2a74cabb4da6eb2c6191c016f50fc01-br.js"></script><script defer="" nonce="mdSnWJ7LbT93V6OW" src="https://i5.wal.co/dfw/63fd9f59-e039/615722fa-18ec-427a-af70-ab78d9c9d0f1/v2/en-US/_next/static/chunks/65480-39fd2bde5ba61dd52c99.js-2fcef6aaa3376eb18ea4d1ae98bcc97b76de5c0a-br.js"></script><script defer="" nonce="mdSnWJ7LbT93V6OW" src="https://i5.wal.co/dfw/63fd9f59-e039/615722fa-18ec-427a-af70-ab78d9c9d0f1/v2/en-US/_next/static/chunks/25330-3bdf0676075a80280517.js-3daf7a06871e1ddf244cb02609aa281a757e0749-br.js"></script><script defer="" nonce="mdSnWJ7LbT93V6OW" src="https://i5.wal.co/dfw/63fd9f59-e039/615722fa-18ec-427a-af70-ab78d9c9d0f1/v2/en-US/_next/static/chunks/75282-8fbd8c4481018d231743.js-af5c4b7c94f75372d4a0901657ce219bd6311331-br.js"></script><script defer="" nonce="mdSnWJ7LbT93V6OW" src="https://i5.wal.co/dfw/63fd9f59-e039/615722fa-18ec-427a-af70-ab78d9c9d0f1/v2/en-US/_next/static/chunks/pages/browse/%5B...seo%5D-71966770dbc658faeffc.js-465a4de33e7e0367d7fdacd48bd572fbf6d452d6-br.js"></script><script defer="" nonce="mdSnWJ7LbT93V6OW" src="https://i5.wal.co/dfw/63fd9f59-e039/615722fa-18ec-427a-af70-ab78d9c9d0f1/v2/en-US/_next/static/production_20220421T083256232Z-en-US/_buildManifest.js-0351d8ac05b141ef0696a90d1af47aa07badecf0-br.js"></script><script defer="" nonce="mdSnWJ7LbT93V6OW" src="https://i5.wal.co/dfw/63fd9f59-e039/615722fa-18ec-427a-af70-ab78d9c9d0f1/v2/en-US/_next/static/production_20220421T083256232Z-en-US/_ssgManifest.js-6a409e8865ca7bdebf4a3b74348d911f01b95d84-gzip.js"></script><script nonce="mdSnWJ7LbT93V6OW">var TBRewriteHostAltWeight = 10.000000;</script><script async="async" defer="defer" nonce="mdSnWJ7LbT93V6OW" src="https://i5.wal.co/a14/capabilities.min.js-2dcc7ebc7e7196f449647a3f03c4cec76f3aae99-br.js"></script></head><body><div id="__next"><div class=""><div class="flex flex-column min-vh-100 shadow-2" data-testid="layout-container" style="transform:none;transition:transform .2s"><section><div class="b bg-dark-blue white f5 alert-bar" style="padding:12px 0;background-color:#e3e4e5"><div class="pr3 ph4-m lh-copy flex items-start justify-center"><div class="flex flex-auto justify-center flex-none-m ph4 w-100 ml-auto tc"><p class="ma0" style="color:#2e2f32">New pickup &amp; delivery customers: get $10 off your first three orders. Restrictions apply.<!-- --> <a aria-label="Use code TRIPLE10" class="underline normal dark-gray ml2-m f6-m nowrap" href="https://www.walmart.com/cp/1735450?povid=globalalert_couponcode_TRIPLE10" link-identifier="Use code TRIPLE10">Use code TRIPLE10</a></p></div><button aria-label="Close" class="w_u w_y w_0 bg-transparent pointer bn ml-auto h2 no-underline ph0" type="button"><i class="ld ld-Close" style="font-size:1rem;vertical-align:-0.175em"></i></button></div></div></section><span class="bg-blue sticky w-100 top-0 z-1" data-testid="global-header"><a class="slider skip-main bg-white-90" href="#maincontent" link-identifier="Generic Name">Skip to Main Content</a><header><div class="center flex items-center justify-center pa4"><a aria-label="Walmart Homepage" class="flex-none mr3" href="/" link-identifier="walmartLogo"><img alt="Walmart" class="db" height="32" loading="lazy" src="//i5.walmartimages.com/dfw/63fd9f59-b3e1/7a569e53-f29a-4c3d-bfaf-6f7a158bfadd/v1/walmartLogo.svg" width="130"/></a><section><div class="relative"><button aria-expanded="false" aria-haspopup="true" class="flex items-center no-underline ph3 white desktop-header-trigger lh-title b pointer ba b--transparent bg-transparent sans-serif" style="border-radius:100px;height:40px;transition:all 100ms cubic-bezier(0.77, 0, 0.175, 1)" type="button"><i aria-hidden="true" class="ld ld-Grid mr2" style="font-size:1rem;vertical-align:-0.175em"></i>Departments</button><div class="absolute bg-white br3 br--bottom left-0 lh-copy mt4 overflow-hidden shadow-1 dn" data-testid="departments-flyout" style="left:50%;transform:none;margin-left:-135px;max-height:0"><div><div class="flex"><div class="f6 overflow-auto" style="width:246px;max-height:0;height:100%"><ul class="list ma0 pa0 pb3 pt4"></ul></div></div></div></div></div></section><section><div class="relative"><button aria-expanded="false" aria-haspopup="true" class="flex items-center no-underline ph3 white desktop-header-trigger lh-title b pointer ba b--transparent bg-transparent sans-serif" style="border-radius:100px;height:40px;transition:all 100ms cubic-bezier(0.77, 0, 0.175, 1)" type="button"><i aria-hidden="true" class="ld ld-Services mr2" style="font-size:1rem;vertical-align:-0.175em"></i>Services</button><div class="absolute bg-white br3 br--bottom left-0 lh-copy mt4 overflow-hidden shadow-1 dn" data-testid="services-flyout" style="left:50%;transform:none;margin-left:-135px;max-height:0"><div><div class="flex"><div class="f6 overflow-auto" style="width:246px;max-height:0;height:100%"><ul class="list ma0 pa0 pb3 pt4"></ul></div></div></div></div></div></section><form action="/search" autocomplete="off" class="flex-auto ml3" role="search"><div class="flex flex-auto items-center relative"><input aria-activedescendant="" aria-label="Search" class="b--none f5 flex-auto lh-solid sans-serif br-pill" name="q" placeholder="Search everything at Walmart online and in store" style="height:40px;padding-left:1rem;padding-right:2.5rem" type="search" value=""/><button aria-label="Search icon" class="absolute bn br-100 bg-gold h3 w3" style="right:0.25rem;cursor:pointer"><i aria-hidden="true" class="ld ld-Search absolute" style="font-size:1rem;vertical-align:-0.175em;top:50%;left:50%;transform:translate(-50%, -50%)"></i></button></div></form><div class="ml3 relative"><a aria-expanded="false" aria-haspopup="true" class="flex items-center no-underline ph3 white desktop-header-trigger lh-title lh-solid" href="/my-items" link-identifier="Reorder my items" role="button" style="border-radius:100px;height:40px;transition:all 100ms cubic-bezier(0.77, 0, 0.175, 1)"><i aria-hidden="true" class="ld ld-Reorder" style="font-size:1rem;vertical-align:-0.175em"></i><div class="ml2 nowrap"><div class="f7 lh-title">Reorder</div><div class="b">My Items</div></div></a><div class="absolute bg-white br3 br--bottom left-0 lh-copy mt4 overflow-hidden shadow-1 dn" data-testid="my-items-flyout" style="left:50%;transform:translateX(-50%)"><div class="ph4 pt4 pb2"><a class="dark-gray db f6 no-underline nowrap desktop-header-flyout-link mb3" href="/my-items" link-identifier="Reorder"><i class="ld ld-Reorder mr2" style="font-size:1rem;vertical-align:-0.175em"></i>Reorder</a><a class="dark-gray db f6 no-underline nowrap desktop-header-flyout-link mb3" href="/lists" link-identifier="Lists"><i class="ld ld-Heart mr2" style="font-size:1rem;vertical-align:-0.175em"></i>Lists</a><a class="dark-gray db f6 no-underline nowrap desktop-header-flyout-link mb3" href="/my-registries" link-identifier="Registries"><i class="ld ld-Gift mr2" style="font-size:1rem;vertical-align:-0.175em"></i>Registries</a></div></div></div><div class="relative"><a aria-expanded="false" aria-haspopup="true" class="flex items-center no-underline ph3 white desktop-header-trigger lh-title lh-solid" href="/account/login?vid=oaoh" link-identifier="Account" role="button" style="border-radius:100px;height:40px;transition:all 100ms cubic-bezier(0.77, 0, 0.175, 1)"><i aria-hidden="true" class="ld ld-User" style="font-size:1rem;vertical-align:-0.175em"></i><div class="ml2 nowrap"><div class="f7 mw3 mw4-xl lh-title truncate">Sign In</div><div class="b">Account</div></div></a><div class="absolute bg-white br3 br--bottom left-0 lh-copy mt4 overflow-hidden shadow-1 dn" data-testid="account-flyout" style="left:50%;transform:translateX(-50%)"><div class="pa4"><button class="w_u w_w w_0 db mb3 w-100" type="button">Sign In</button><a class="no-underline" href="/account/signup?vid=oaoh" link-identifier="Create an account"><button class="w_u w_x w_0 db mb3 w-100" tabindex="-1" type="button">Create an account</button></a><hr aria-hidden="true" class="w_AL mb3"/><a class="dark-gray db f6 no-underline nowrap desktop-header-flyout-link" href="/orders" link-identifier="Purchase History"><i class="ld ld-Receipt mr2" style="font-size:1rem;vertical-align:-0.175em"></i>Purchase History</a></div></div></div><div class="ml3" style="width:40px"><button aria-label="Cart contains 0 items" class="bn bg-transparent br2 db flex flex-column items-center pa0 pointer relative sans-serif white" id="cart-button-header" type="button"><i class="ld ld-Cart white" style="font-size:1.5rem;vertical-align:-0.25em"></i><span class="db" style="font-size:.625rem;visibility:hidden;height:10px;vertical-align:-0.25em;width:30px">$0.00</span></button></div></div></header></span><div aria-hidden="false" class="flex flex-column flex-auto relative z-0"><section class="bg-dark-blue white pv1" data-testid="location-banner"><div class="center items-center flex flex-auto ph3 ph4-m" style="line-height:2"><button class="w_u w_y w_0 white hover-white pa0 no-underline outline-onfocus" name="select-store-button" tabindex="0" type="button"><i class="ld ld-Store mr2" style="font-size:1rem;vertical-align:-0.175em"></i><span class="f7 f6-m underline pointer">Sacramento Supercenter</span></button><span class="mh2">|</span><button class="w_u w_y w_0 white hover-white pa0 no-underline truncate outline-onfocus" name="select-location-button" tabindex="0" type="button"><i class="ld ld-Location mr2" style="font-size:1rem;vertical-align:-0.175em"></i><span class="f7 f6-m underline pointer truncate">Sacramento, 95829</span></button><div class="sub-nav-link-container h3 flex-wrap justify-end cg-2 overflow-hidden flex-auto f6-m b"><a class="white no-underline highlight-focus-hover ph2" href="https://www.walmart.com/cp/1735450" link-identifier="Generic Name">Grocery</a><a class="white no-underline highlight-focus-hover ph2" href="https://www.walmart.com/cp/clothing/5438" link-identifier="Generic Name">Fashion</a><a class="white no-underline highlight-focus-hover ph2" href="https://www.walmart.com/cp/home/4044" link-identifier="Generic Name">Home</a><a class="white no-underline highlight-focus-hover ph2" href="https://www.walmart.com/cp/toys/4171" link-identifier="Generic Name">Toys</a><a class="white no-underline highlight-focus-hover ph2" href="https://www.walmart.com/plus" link-identifier="Generic Name">Walmart+</a><a class="white no-underline highlight-focus-hover ph2" href="https://www.walmart.com/shop/deals" link-identifier="Generic Name">Savings hub</a><a class="white no-underline highlight-focus-hover ph2" href="https://www.walmart.com/ip/KidKraft-Forestview-II-Wooden-Outdoor-Playhouse-with-Ringing-Doorbell-Bench-and-Kitchen/928534389?athbdg=L1300" link-identifier="Generic Name">Deal of the Day</a></div></div></section><div class="flex-auto relative z-1"><div class="center mw1280 main-content"><main class="overflow-hidden" data-ads-url="http://swag-wmt.prod.walmart.com/fs?prg=desktop&amp;query=&amp;cat_id=1005862_1001508&amp;_be_shelf_id=&amp;facet=&amp;page=1&amp;ps=8&amp;min_price=&amp;max_price=&amp;sort=best_match&amp;ptss=&amp;module_search=&amp;trsp=&amp;zipcode=95829&amp;stores=3081&amp;stateOrProvinceCode=CA&amp;latitude=38.4744&amp;longitude=-121.3437&amp;extended_zipcode=95829&amp;addressId=&amp;inCatchment=true&amp;pickupStore=3081&amp;deliveryStore=3081" data-sis-url="http://preso-usgm-wcnp.prod.walmart.com/v1/search?query=&amp;facet=&amp;stores=3081&amp;cat_id=1005862_1001508&amp;sort=best_match&amp;page=1&amp;min_price=&amp;max_price=&amp;_be_shelf_id=&amp;ptss=&amp;trsp=&amp;prg=desktop&amp;stateOrProvinceCode=CA&amp;ps=40&amp;zipcode=95829&amp;module_search=&amp;inCatchment=true&amp;latitude=38.4744&amp;longitude=-121.3437&amp;extended_zipcode=95829&amp;addressId=&amp;hidden_facet=&amp;pickupStore=3081&amp;deliveryStore=3081&amp;translation="><div class="flex flex-column h-100" data-testid="flex-container"><div class="h-100 relative"><div class="flex flex-column h-100" data-testid="flex-container"><div class="h-100 relative"><div class="overflow-x-auto nowrap hidesb hidesb-wk mr3"><nav aria-label="breadcrumb" class="pv3 pl3 ph4-xl"><ol class="w_g"><li class="w_h"><a class="w_j" href="/cp/personal-care/1005862" itemprop="item"><span itemprop="name">Personal Care</span></a><span aria-hidden="true" class="w_i">/</span></li><li class="w_h"><a aria-current="location" class="w_j w_k" href="/cp/sun-care/1001508" itemprop="item"><span itemprop="name">Sun Care</span></a></li></ol></nav></div><hr aria-hidden="true" class="w_AL"/></div></div></div><div class="h-100 relative"><div class="flex flex-column h-100" data-testid="flex-container"><div class="h-100 relative"><div class="w_B9 pa0" id="BROWSE-SkylineDisplayAd-top"></div> <section><section aria-label="Sort and Filter section" class="w-100 flex flex-shrink-0 hidesb hidesb-wk pl3 ph4-xl pv3 relative z-max overflow-x-auto"><div class="flex flex-row flex-shrink-0 items-center br-pill bn bg-near-white mr2"><button aria-label="All filters" class="f6 pv2 br-pill bn sans-serif flex bg-near-white pointer" type="button"><i aria-hidden="true" class="ld ld-Filter ph2" data-testid="Filter-icon" style="font-size:1rem;vertical-align:-0.175em"></i><span aria-hidden="true" class="flex pointer pr3">All filters</span></button></div><div aria-hidden="true" class="br b--near-white h-inherit mr2"></div><div class="flex flex-row flex-shrink-0 items-center br-pill bn bg-near-white mr2"><button aria-label="In-store" class="f6 pv2 br-pill bn sans-serif flex bg-near-white pointer" type="button"><i aria-hidden="true" class="ld ld-Store ph2" data-testid="Store-icon" style="font-size:1rem;vertical-align:-0.175em"></i><span aria-hidden="true" class="flex pointer pr3">In-store</span></button></div><div class="flex flex-row flex-shrink-0 items-center br-pill bn bg-near-white mr2"><span class="w_5 w_9" style="display:inline"><button aria-label="Pickup &amp; shipping" class="f6 pv2 br-pill bn sans-serif flex bg-near-white pointer" type="button"><span aria-hidden="true" class="flex pointer pl3">Pickup &amp; shipping</span><i class="ld ld-ChevronDown mh2" style="font-size:1rem;vertical-align:-0.175em"></i></button></span></div><div class="flex flex-row flex-shrink-0 items-center br-pill bn bg-near-white mr2"><button aria-label="Price" class="f6 pv2 br-pill bn sans-serif flex bg-near-white pointer" type="button"><i aria-hidden="true" class="ld ld-MoneyCircle ph2" data-testid="MoneyCircle-icon" style="font-size:1rem;vertical-align:-0.175em"></i><span aria-hidden="true" class="flex pointer">Price</span><i class="ld ld-ChevronDown mh2" style="font-size:1rem;vertical-align:-0.175em"></i></button></div><div class="flex flex-row flex-shrink-0 items-center br-pill bn bg-near-white mr2"><button aria-label="Brand" class="f6 pv2 br-pill bn sans-serif flex bg-near-white pointer" type="button"><span aria-hidden="true" class="flex pointer pl3">Brand</span><i class="ld ld-ChevronDown mh2" style="font-size:1rem;vertical-align:-0.175em"></i></button></div><div class="flex flex-row flex-shrink-0 items-center br-pill bn bg-near-white"><button aria-label="Speed" class="f6 pv2 br-pill bn sans-serif flex bg-near-white pointer" type="button"><i aria-hidden="true" class="ld ld-Clock ph2" data-testid="Clock-icon" style="font-size:1rem;vertical-align:-0.175em"></i><span aria-hidden="true" class="flex pointer">Speed</span><i class="ld ld-ChevronDown mh2" style="font-size:1rem;vertical-align:-0.175em"></i></button></div><div class="dark-gray flex flex-row items-center ml-auto flex-shrink-0"><span class="b mh2">Sort by</span>|<button aria-expanded="false" aria-haspopup="true" aria-label="Sort by Best Match" class="bw0 bg-white sans-serif pointer pa1" type="button">Best Match<i arial-hiden="true" class="ld ld-ChevronDown pa0 ml6" role="img" style="font-size:1rem;vertical-align:-0.175em"></i></button></div></section></section><hr aria-hidden="true" class="w_AL"/> <section aria-label="Quick refinements" class="pv3"><div class="flex flex-column justify-center relative"><button aria-label="Previous slide for chipModuleWithImages list" class="absolute dn z-999 bg-white br-100 pa0 pointer ba br-100 ba b--black nav-control left-1"><i class="ld ld-ChevronLeft" style="font-size:1.5rem;vertical-align:-0.25em;padding:12px"></i></button><ul class="list ma0 pl0 overflow-x-scroll hidesb hidesb-wk relative overflow-y-hidden pl3 spl3 pl4-xl" data-testid="carousel-container" style="display:flex;grid-auto-flow:column;scroll-snap-type:x mandatory;max-height:fit-content"><li aria-hidden="true" class="flex flex-column items-center" data-slide="0"><a class="link w5 pointer tc mr3" href="#" link-identifier="Generic Name" style="width:104px"><div class="overflow-hidden relative tc mh3" style="height:72px"><img alt="Pickup Today" class="mw-100 absolute left-0 bottom-0" height="initial" loading="lazy" src="https://i5.walmartimages.com/dfw/4ff9c6c9-818f/k2-_b8e6bc13-2e8d-4993-8e06-ab75a6d2b5df.v1.jpg" width="72px"/></div><div class="black mt2 mb1 lh-solid ph1 f6">Pickup Today</div></a></li><li aria-hidden="true" class="flex flex-column items-center" data-slide="1"><a class="link w5 pointer tc mr3" href="#" link-identifier="Generic Name" style="width:104px"><div class="overflow-hidden relative tc mh3" style="height:72px"><img alt="Same Day Delivery" class="mw-100 absolute left-0 bottom-0" height="initial" loading="lazy" src="https://i5.walmartimages.com/dfw/4ff9c6c9-3819/k2-_07620449-b8cc-4248-b5fd-d7d05e8eba86.v1.jpg" width="72px"/></div><div class="black mt2 mb1 lh-solid ph1 f6">Same Day Delivery</div></a></li><li aria-hidden="true" class="flex flex-column items-center" data-slide="2"><a class="link w5 pointer tc mr3" href="#" link-identifier="Generic Name" style="width:104px"><div class="overflow-hidden relative tc mh3" style="height:72px"><img alt="Sunscreen" class="mw-100 absolute left-0 bottom-0" height="initial" loading="lazy" src="https://i5.walmartimages.com/dfw/4ff9c6c9-296b/k2-_cb959b6e-fb91-47c0-8dc1-d04ea6049673.v1.jpg" width="72px"/></div><div class="black mt2 mb1 lh-solid ph1 f6">Sunscreen</div></a></li><li aria-hidden="true" class="flex flex-column items-center" data-slide="3"><a class="link w5 pointer tc mr3" href="#" link-identifier="Generic Name" style="width:104px"><div class="overflow-hidden relative tc mh3" style="height:72px"><img alt="Facial Sunscreen" class="mw-100 absolute left-0 bottom-0" height="initial" loading="lazy" src="https://i5.walmartimages.com/dfw/4ff9c6c9-b3e3/k2-_98c4bc60-0539-44e1-99c6-0425428e7a09.v1.jpg" width="72px"/></div><div class="black mt2 mb1 lh-solid ph1 f6">Facial Sunscreen</div></a></li><li aria-hidden="true" class="flex flex-column items-center" data-slide="4"><a class="link w5 pointer tc mr3" href="#" link-identifier="Generic Name" style="width:104px"><div class="overflow-hidden relative tc mh3" style="height:72px"><img alt="Self-Tanners" class="mw-100 absolute left-0 bottom-0" height="initial" loading="lazy" src="https://i5.walmartimages.com/dfw/4ff9c6c9-35d5/k2-_36c138f1-d2a7-4f8f-8f0e-510969f1e502.v1.jpg" width="72px"/></div><div class="black mt2 mb1 lh-solid ph1 f6">Self-Tanners</div></a></li><li aria-hidden="true" class="flex flex-column items-center" data-slide="5"><a class="link w5 pointer tc mr3" href="#" link-identifier="Generic Name" style="width:104px"><div class="overflow-hidden relative tc mh3" style="height:72px"><img alt="Tanning Lotions &amp; Oils" class="mw-100 absolute left-0 bottom-0" height="initial" loading="lazy" src="https://i5.walmartimages.com/dfw/4ff9c6c9-128b/k2-_63521d1f-dbf2-4419-aa25-346ea192b3da.v1.jpg" width="72px"/></div><div class="black mt2 mb1 lh-solid ph1 f6">Tanning Lotions &amp; Oils</div></a></li><li aria-hidden="true" class="flex flex-column items-center" data-slide="6"><a class="link w5 pointer tc mr3" href="#" link-identifier="Generic Name" style="width:104px"><div class="overflow-hidden relative tc mh3" style="height:72px"><img alt="After-Sun Care" class="mw-100 absolute left-0 bottom-0" height="initial" loading="lazy" src="https://i5.walmartimages.com/dfw/4ff9c6c9-287e/k2-_952201af-d66f-4002-8603-23e82efb41b9.v1.jpg" width="72px"/></div><div class="black mt2 mb1 lh-solid ph1 f6">After-Sun Care</div></a></li><li aria-hidden="true" class="flex flex-column items-center" data-slide="7"><a class="link w5 pointer tc mr3" href="#" link-identifier="Generic Name" style="width:104px"><div class="overflow-hidden relative tc mh3" style="height:72px"><img alt="Kids &amp; Baby" class="mw-100 absolute left-0 bottom-0" height="initial" loading="lazy" src="https://i5.walmartimages.com/dfw/4ff9c6c9-ec92/k2-_8c9dd7de-34e6-4004-bc00-bfa9e3e70887.v1.jpg" width="72px"/></div><div class="black mt2 mb1 lh-solid ph1 f6">Kids &amp; Baby</div></a></li><li aria-hidden="true" class="flex flex-column items-center" data-slide="8"><a class="link w5 pointer tc mr3" href="#" link-identifier="Generic Name" style="width:104px"><div class="overflow-hidden relative tc mh3" style="height:72px"><img alt="Pool Floats &amp; Toys" class="mw-100 absolute left-0 bottom-0" height="initial" loading="lazy" src="https://i5.walmartimages.com/dfw/4ff9c6c9-486f/k2-_38b30bbb-2449-4f33-9c52-ad4d6dc54223.v1.jpg" width="72px"/></div><div class="black mt2 mb1 lh-solid ph1 f6">Pool Floats &amp; Toys</div></a></li></ul><button aria-label="Next slide for chipModuleWithImages list" class="absolute dn z-999 bg-white br-100 pa0 pointer ba db-l br-100 ba b--black nav-control right-1 db"><i class="ld ld-ChevronRight" style="font-size:1.5rem;vertical-align:-0.25em;padding:12px"></i></button></div><div class="dn"><a href="https://www.walmart.com/browse/personal-care/sun-care/1005862_1001508?facet=fulfillment_method%3APickup%7C%7Cfulfillment_speed%3AToday" link-identifier="Generic Name">Pickup Today</a><a href="https://www.walmart.com/browse/personal-care/sun-care/1005862_1001508?facet=fulfillment_method%3ADelivery%7C%7Cfulfillment_speed%3AToday" link-identifier="Generic Name">Same Day Delivery</a><a href="https://www.walmart.com/browse/personal-care/sunscreen/1005862_1001508_8279042" link-identifier="Generic Name">Sunscreen</a><a href="https://www.walmart.com/browse/beauty/facial-sunscreen/1085666_1007039_4046177" link-identifier="Generic Name">Facial Sunscreen</a><a href="https://www.walmart.com/browse/personal-care/self-tanners-bronzers/1005862_1001508_6439038" link-identifier="Generic Name">Self-Tanners</a><a href="https://www.walmart.com/browse/personal-care/tanning-lotions-oils/1005862_1001508_7306596" link-identifier="Generic Name">Tanning Lotions &amp; Oils</a><a href="https://www.walmart.com/browse/personal-care/after-sun-care/1005862_1001508_8361694" link-identifier="Generic Name">After-Sun Care</a><a href="https://www.walmart.com/browse/personal-care/kids-baby-sunscreen/1005862_1001508_1620920" link-identifier="Generic Name">Kids &amp; Baby</a><a href="https://www.walmart.com/browse/outdoor-toys/floats-and-pool-games/4171_14521_8437187?povid=Suncare_NUP_Pool_Floats_Toys_4.8" link-identifier="Generic Name">Pool Floats &amp; Toys</a></div></section><hr aria-hidden="true" class="w_AL"/> </div></div></div><div class="h-100 relative"><div class="flex flex-column h-100" data-testid="flex-container"><div class="h-100 relative"><div class="w-100 relative-m"><div><div class="flex flex-column justify-center" data-stack-index="0"><div class="flex flex-row items-center flex-shrink-0"><section><div><div><div class="inline-flex mv3 ml3 ml4-xl mr1 db"><h1 class="f2 lh-title ma0 di f3">Sun Care</h1><span class="f6 f5-m fw3 ml1 mt1-xl gray normal self-center">(1000+)</span></div></div></div></section></div><section><div class="flex flex-wrap w-100 flex-grow-0 flex-shrink-0 ph2 pr0-xl pl4-xl mt0-xl mt3"><div class="mb1 ph1 pa0-xl bb b--near-white w-25"><div class="h-100 pb1-xl pr4-xl pv1 ph1" style="content-visibility:auto;contain-intrinsic-size:198px 340px"><div class="sans-serif mid-gray relative flex flex-column w-100" data-ad-component-type="wpa-tile" data-item-id="6GL0ONL2413A"><a class="absolute w-100 h-100 z-1" href="https://wrd.walmart.com/track?rdf=1&amp;adUid=7d9e99fa-7045-44dc-a614-01526caa2a60&amp;plmt=sp-browse-middle~desktop~&amp;tax=1005862_1001508&amp;pltfm=desktop&amp;eventST=click&amp;pgId=1005862_1001508&amp;spQs=-uJqmFdXxOC_3V99JUtCUjiS4yYY75WSNziSMH86LzEbfREksZiCn1A9KIitui89a8HQw4_Z8AxUFZRWdyVPHZJPzDw3hL70t2NOLPXR4EkYubELZNPuwFQkZkUeuq-QPu7ACgXhjfCG7Fcr3BJH0eapANBhZT4rMGYQKaCYtRU&amp;storeId=3081&amp;pt=browse&amp;pos=1&amp;bt=1&amp;mloc=sp-browse-middle&amp;bkt=2478&amp;rd=https%3A%2F%2Fwww.walmart.com%2Fip%2FL-Oreal-Paris-Sublime-Bronze-Tinted-Self-Tanning-Lotion-5-fl-oz%2F10534573%3Fathbdg%3DL1600&amp;athbdg=L1600" link-identifier="10534573"><span class="w_Af">L'Oreal Paris Sublime Bronze Tinted Self-Tanning Lotion, 5 fl. oz.<!-- --> </span></a><div class="" data-testid="list-view"><div class=""><div class="h2 relative mb2"><span class="w_EH w_EN w_EQ absolute">Best seller</span></div><div class="relative"><div class="relative overflow-hidden" style="max-width:290px;height:0;padding-bottom:min(290px, 100%);align-self:center;width:min(290px, 100%)"><img alt="" class="absolute top-0 left-0" data-testid="productTileImage" height="" loading="eager" src="https://i5.walmartimages.com/asr/9577a90f-7cf4-4c93-a12a-d13a20162047_1.5db328c9b3a2556b364a6a91006c31d4.jpeg?odnHeight=580&amp;odnWidth=580&amp;odnBg=FFFFFF" srcset="https://i5.walmartimages.com/asr/9577a90f-7cf4-4c93-a12a-d13a20162047_1.5db328c9b3a2556b364a6a91006c31d4.jpeg?odnHeight=290&amp;odnWidth=290&amp;odnBg=FFFFFF 1x, https://i5.walmartimages.com/asr/9577a90f-7cf4-4c93-a12a-d13a20162047_1.5db328c9b3a2556b364a6a91006c31d4.jpeg?odnHeight=580&amp;odnWidth=580&amp;odnBg=FFFFFF 2x" width=""/></div><div class="z-2 absolute bottom--1"><div class="dib relative"><button aria-label="Add to cart - L'Oreal Paris Sublime Bronze Tinted Self-Tanning Lotion, 5 fl. oz." class="w_u w_w w_1 pointer bn bg-blue hover-bg-dark-blue white sans-serif b w-auto ph2 flex items-center justify-center shadow-1" type="button"><i class="ld ld-Plus" style="font-size:1.5rem;vertical-align:-0.25em" title="add to cart"></i><span class="mr2">Add</span></button></div></div></div><div class="mt5 mb1" data-testid="variant-6GL0ONL2413A" style="height:24px"><div class="flex items-center lh-title h2-l normal"><span class="gray f7">Sponsored</span></div></div></div><div class=""><div class="flex flex-wrap justify-start items-center lh-title mb2 mb1-m"><div aria-hidden="true" class="b black f5 mr1 mr2-xl lh-copy f4-l">$8.47</div><span class="w_Af">current price $8.47</span><div aria-hidden="true" class="f7 f6-l strike gray mr3">$10.99</div><span class="w_Af">was $10.99</span></div><span class="w_c" style="-webkit-line-clamp:3;padding-bottom:0em;margin-bottom:-0em"><span class="f6 f5-l normal dark-gray mb0 mt1 lh-title">L'Oreal Paris Sublime Bronze Tinted Self-Tanning Lotion, 5 fl. oz.</span></span><div class="mt2 flex items-center"><span class="black inline-flex mr1"><i aria-hidden="true" class="ld ld-StarFill" style="font-size:12px;vertical-align:-0.175em"></i><i aria-hidden="true" class="ld ld-StarFill" style="font-size:12px;vertical-align:-0.175em"></i><i aria-hidden="true" class="ld ld-StarFill" style="font-size:12px;vertical-align:-0.175em"></i><i aria-hidden="true" class="ld ld-StarFill" style="font-size:12px;vertical-align:-0.175em"></i><i aria-hidden="true" class="ld ld-Star" style="font-size:12px;vertical-align:-0.175em"></i></span><span aria-hidden="true" class="sans-serif gray f7">118</span><span class="w_Af">3.9 out of 5 Stars. 118 reviews</span></div><div class="mv2 flex items-center"><div class="f7 mr1 blue b lh-copy">Save with</div><img alt="Walmart Plus" class="pr2 flex" height="20" loading="lazy" src="//i5.walmartimages.com/dfw/63fd9f59-ac39/29c6759d-7f14-49fa-bd3a-b870eb4fb8fb/v1/wplus-icon-blue.svg" width="20"/></div><div class="mt2 mb2"><span class="w_EH w_EN w_ER mr1 mt1 ph1">Pickup</span><span class="w_EH w_EN w_ER mr1 mt1 ph1">Delivery</span><span class="w_EH w_EN w_ER mr1 mt1 ph1">2-day shipping</span></div></div></div></div></div></div><div class="mb1 ph1 pa0-xl bb b--near-white w-25"><div class="h-100 pb1-xl pr4-xl pv1 ph1" style="content-visibility:auto;contain-intrinsic-size:198px 340px"><div class="sans-serif mid-gray relative flex flex-column w-100" data-ad-component-type="wpa-tile" data-item-id="4SMTJFWEYVC1"><a class="absolute w-100 h-100 z-1" href="https://wrd.walmart.com/track?rdf=1&amp;adUid=7d9e99fa-7045-44dc-a614-01526caa2a60&amp;plmt=sp-browse-middle~desktop~&amp;tax=1005862_1001508&amp;pltfm=desktop&amp;eventST=click&amp;pgId=1005862_1001508&amp;spQs=wubz6W8GYv9KAheWoadm6x30ZUJqhaMM6W48EcmjmI6_hmc2xDcvIfQql2Ke7mlUB5eJzy9cYKtwz8323IrPrkF5HCZ4EQpu5ehUt3H9mx3o8qKnICnBCcC4Fh9W36Vrr1MNvrdPRDyye-dtJ3oYf17zoSiypwJWZuvaoiBaZSI&amp;storeId=3081&amp;pt=browse&amp;pos=2&amp;bt=1&amp;mloc=sp-browse-middle&amp;bkt=2478&amp;rd=https%3A%2F%2Fwww.walmart.com%2Fip%2FAlba-Botanica-Sport-Sunscreen-Lotion-SPF-45-Fragrance-Free-4-oz%2F24820109&amp;/ip/Alba-Botanica-Sport-Sunscreen-Lotion-SPF-45-Fragrance-Free-4-oz/24820109" link-identifier="24820109"><span class="w_Af">Alba Botanica Sport Sunscreen Lotion SPF 45, Fragrance Free, 4 oz.<!-- --> </span></a><div class="" data-testid="list-view"><div class=""><div class="h2 relative mb2"></div><div class="relative"><div class="relative overflow-hidden" style="max-width:290px;height:0;padding-bottom:min(290px, 100%);align-self:center;width:min(290px, 100%)"><img alt="" class="absolute top-0 left-0" data-testid="productTileImage" height="" loading="eager" src="https://i5.walmartimages.com/asr/ac5936aa-a6b4-4c1a-90ab-ca55bf6cb5fa.00a112cb7af231954597d1f27cd7fedd.jpeg?odnHeight=580&amp;odnWidth=580&amp;odnBg=FFFFFF" srcset="https://i5.walmartimages.com/asr/ac5936aa-a6b4-4c1a-90ab-ca55bf6cb5fa.00a112cb7af231954597d1f27cd7fedd.jpeg?odnHeight=290&amp;odnWidth=290&amp;odnBg=FFFFFF 1x, https://i5.walmartimages.com/asr/ac5936aa-a6b4-4c1a-90ab-ca55bf6cb5fa.00a112cb7af231954597d1f27cd7fedd.jpeg?odnHeight=580&amp;odnWidth=580&amp;odnBg=FFFFFF 2x" width=""/></div><div class="z-2 absolute bottom--1"><div class="dib relative"><button aria-label="Add to cart - Alba Botanica Sport Sunscreen Lotion SPF 45, Fragrance Free, 4 oz." class="w_u w_w w_1 pointer bn bg-blue hover-bg-dark-blue white sans-serif b w-auto ph2 flex items-center justify-center shadow-1" type="button"><i class="ld ld-Plus" style="font-size:1.5rem;vertical-align:-0.25em" title="add to cart"></i><span class="mr2">Add</span></button></div></div></div><div class="mt5 mb1" data-testid="variant-4SMTJFWEYVC1" style="height:24px"><div class="flex items-center lh-title h2-l normal"><span class="gray f7">Sponsored</span></div></div></div><div class=""><div class="flex flex-wrap justify-start items-center lh-title mb2 mb1-m"><div aria-hidden="true" class="b black f5 mr1 mr2-xl lh-copy f4-l">$7.97</div><span class="w_Af">current price $7.97</span><div class="f7 f6-l gray mr1">$1.99/fl oz</div></div><span class="w_c" style="-webkit-line-clamp:3;padding-bottom:0em;margin-bottom:-0em"><span class="f6 f5-l normal dark-gray mb0 mt1 lh-title">Alba Botanica Sport Sunscreen Lotion SPF 45, Fragrance Free, 4 oz.</span></span><div class="mt2 flex items-center"><span class="black inline-flex mr1"><i aria-hidden="true" class="ld ld-StarFill" style="font-size:12px;vertical-align:-0.175em"></i><i aria-hidden="true" class="ld ld-StarFill" style="font-size:12px;vertical-align:-0.175em"></i><i aria-hidden="true" class="ld ld-StarFill" style="font-size:12px;vertical-align:-0.175em"></i><i aria-hidden="true" class="ld ld-StarFill" style="font-size:12px;vertical-align:-0.175em"></i><i aria-hidden="true" class="ld ld-StarHalf" style="font-size:12px;vertical-align:-0.175em"></i></span><span aria-hidden="true" class="sans-serif gray f7">54</span><span class="w_Af">4.6 out of 5 Stars. 54 reviews</span></div><div class="mv2 flex items-center"><div class="f7 mr1 blue b lh-copy">Save with</div><img alt="Walmart Plus" class="pr2 flex" height="20" loading="lazy" src="//i5.walmartimages.com/dfw/63fd9f59-ac39/29c6759d-7f14-49fa-bd3a-b870eb4fb8fb/v1/wplus-icon-blue.svg" width="20"/></div><div class="mt2 mb2"><span class="w_EH w_EN w_ER mr1 mt1 ph1">1-day shipping</span></div></div></div></div></div></div><div class="mb1 ph1 pa0-xl bb b--near-white w-25"><div class="h-100 pb1-xl pr4-xl pv1 ph1" style="content-visibility:auto;contain-intrinsic-size:198px 340px"><div class="sans-serif mid-gray relative flex flex-column w-100" data-item-id="3879HKUH4RET"><a class="absolute w-100 h-100 z-1" href="/ip/Neutrogena-Ultra-Sheer-Dry-Touch-SPF-30-Sunscreen-Lotion-3-fl-oz/10309482" link-identifier="10309482"><span class="w_Af">Neutrogena Ultra Sheer Dry-Touch SPF 30 Sunscreen Lotion, 3 fl. oz<!-- --> </span></a><div class="" data-testid="list-view"><div class=""><div class="h2 relative mb2"></div><div class="relative"><div class="relative overflow-hidden" style="max-width:290px;height:0;padding-bottom:min(290px, 100%);align-self:center;width:min(290px, 100%)"><img alt="" class="absolute top-0 left-0" data-testid="productTileImage" height="" loading="eager" src="https://i5.walmartimages.com/asr/d2b5b625-90ff-49c8-94d6-724edc31e756.bbe9d476e8155ebad74e491856665293.jpeg?odnHeight=580&amp;odnWidth=580&amp;odnBg=FFFFFF" srcset="https://i5.walmartimages.com/asr/d2b5b625-90ff-49c8-94d6-724edc31e756.bbe9d476e8155ebad74e491856665293.jpeg?odnHeight=290&amp;odnWidth=290&amp;odnBg=FFFFFF 1x, https://i5.walmartimages.com/asr/d2b5b625-90ff-49c8-94d6-724edc31e756.bbe9d476e8155ebad74e491856665293.jpeg?odnHeight=580&amp;odnWidth=580&amp;odnBg=FFFFFF 2x" width=""/></div><div class="z-2 absolute bottom--1"><div class="dib relative"><button aria-label="Add to cart - Neutrogena Ultra Sheer Dry-Touch SPF 30 Sunscreen Lotion, 3 fl. oz" class="w_u w_w w_1 pointer bn bg-blue hover-bg-dark-blue white sans-serif b w-auto ph2 flex items-center justify-center shadow-1" type="button"><i class="ld ld-Plus" style="font-size:1.5rem;vertical-align:-0.25em" title="add to cart"></i><span class="mr2">Add</span></button></div></div></div><div class="mt5 mb1" data-testid="variant-3879HKUH4RET" style="height:24px"></div></div><div class=""><div class="flex flex-wrap justify-start items-center lh-title mb2 mb1-m"><div aria-hidden="true" class="b black f5 mr1 mr2-xl lh-copy f4-l">$10.69</div><span class="w_Af">current price $10.69</span><div aria-hidden="true" class="f7 f6-l strike gray mr3">$17.54</div><span class="w_Af">was $17.54</span><div class="f7 f6-l gray mr1">$3.56/fl oz</div></div><span class="w_c" style="-webkit-line-clamp:3;padding-bottom:0em;margin-bottom:-0em"><span class="f6 f5-l normal dark-gray mb0 mt1 lh-title">Neutrogena Ultra Sheer Dry-Touch SPF 30 Sunscreen Lotion, 3 fl. oz</span></span><div class="mt2 flex items-center"><span class="black inline-flex mr1"><i aria-hidden="true" class="ld ld-StarFill" style="font-size:12px;vertical-align:-0.175em"></i><i aria-hidden="true" class="ld ld-StarFill" style="font-size:12px;vertical-align:-0.175em"></i><i aria-hidden="true" class="ld ld-StarFill" style="font-size:12px;vertical-align:-0.175em"></i><i aria-hidden="true" class="ld ld-StarFill" style="font-size:12px;vertical-align:-0.175em"></i><i aria-hidden="true" class="ld ld-StarHalf" style="font-size:12px;vertical-align:-0.175em"></i></span><span aria-hidden="true" class="sans-serif gray f7">158</span><span class="w_Af">4.5 out of 5 Stars. 158 reviews</span></div><div class="mv2 flex items-center"><div class="f7 mr1 blue b lh-copy">Save with</div><img alt="Walmart Plus" class="pr2 flex" height="20" loading="lazy" src="//i5.walmartimages.com/dfw/63fd9f59-ac39/29c6759d-7f14-49fa-bd3a-b870eb4fb8fb/v1/wplus-icon-blue.svg" width="20"/></div><div class="mt2 mb2"><span class="w_EH w_EN w_ER mr1 mt1 ph1">1-day shipping</span></div></div></div></div></div></div><div class="mb1 ph1 pa0-xl bb b--near-white w-25"><div class="h-100 pb1-xl pr4-xl pv1 ph1" style="content-visibility:auto;contain-intrinsic-size:198px 340px"><div class="sans-serif mid-gray relative flex flex-column w-100" data-item-id="4B3EDEGSUURQ"><a class="absolute w-100 h-100 z-1" href="/ip/Hawaiian-Tropic-Everyday-Active-Clear-Spray-Sunscreen-SPF-15-6-oz/42700921" link-identifier="42700921"><span class="w_Af">Hawaiian Tropic Everyday Active Clear Spray Sunscreen SPF 15, 6 oz<!-- --> </span></a><div class="" data-testid="list-view"><div class=""><div class="h2 relative mb2"></div><div class="relative"><div class="relative overflow-hidden" style="max-width:290px;height:0;padding-bottom:min(290px, 100%);align-self:center;width:min(290px, 100%)"><img alt="" class="absolute top-0 left-0" data-testid="productTileImage" height="" loading="eager" src="https://i5.walmartimages.com/asr/935dbfe2-4b41-42c6-bb15-78318553d528.04d00fd78b72a9f44a3f8679187d6782.jpeg?odnHeight=580&amp;odnWidth=580&amp;odnBg=FFFFFF" srcset="https://i5.walmartimages.com/asr/935dbfe2-4b41-42c6-bb15-78318553d528.04d00fd78b72a9f44a3f8679187d6782.jpeg?odnHeight=290&amp;odnWidth=290&amp;odnBg=FFFFFF 1x, https://i5.walmartimages.com/asr/935dbfe2-4b41-42c6-bb15-78318553d528.04d00fd78b72a9f44a3f8679187d6782.jpeg?odnHeight=580&amp;odnWidth=580&amp;odnBg=FFFFFF 2x" width=""/></div><div class="z-2 absolute bottom--1"><div class="dib relative"><button aria-label="Add to cart - Hawaiian Tropic Everyday Active Clear Spray Sunscreen SPF 15, 6 oz" class="w_u w_w w_1 pointer bn bg-blue hover-bg-dark-blue white sans-serif b w-auto ph2 flex items-center justify-center shadow-1" type="button"><i class="ld ld-Plus" style="font-size:1.5rem;vertical-align:-0.25em" title="add to cart"></i><span class="mr2">Add</span></button></div></div></div><div class="mt5 mb1" data-testid="variant-4B3EDEGSUURQ" style="height:24px"></div></div><div class=""><div class="flex flex-wrap justify-start items-center lh-title mb2 mb1-m"><div aria-hidden="true" class="b black f5 mr1 mr2-xl lh-copy f4-l">$9.81</div><span class="w_Af">current price $9.81</span><div aria-hidden="true" class="f7 f6-l strike gray mr3">$14.57</div><span class="w_Af">was $14.57</span><div class="f7 f6-l gray mr1">$1.64/fl oz</div></div><span class="w_c" style="-webkit-line-clamp:3;padding-bottom:0em;margin-bottom:-0em"><span class="f6 f5-l normal dark-gray mb0 mt1 lh-title">Hawaiian Tropic Everyday Active Clear Spray Sunscreen SPF 15, 6 oz</span></span><div class="mt2 flex items-center"><span class="black inline-flex mr1"><i aria-hidden="true" class="ld ld-StarFill" style="font-size:12px;vertical-align:-0.175em"></i><i aria-hidden="true" class="ld ld-StarFill" style="font-size:12px;vertical-align:-0.175em"></i><i aria-hidden="true" class="ld ld-StarFill" style="font-size:12px;vertical-align:-0.175em"></i><i aria-hidden="true" class="ld ld-StarFill" style="font-size:12px;vertical-align:-0.175em"></i><i aria-hidden="true" class="ld ld-StarHalf" style="font-size:12px;vertical-align:-0.175em"></i></span><span aria-hidden="true" class="sans-serif gray f7">76</span><span class="w_Af">4.3 out of 5 Stars. 76 reviews</span></div><div class="mv2 flex items-center"><div class="f7 mr1 blue b lh-copy">Save with</div><img alt="Walmart Plus" class="pr2 flex" height="20" loading="lazy" src="//i5.walmartimages.com/dfw/63fd9f59-ac39/29c6759d-7f14-49fa-bd3a-b870eb4fb8fb/v1/wplus-icon-blue.svg" width="20"/></div><div class="mt2 mb2"><span class="w_EH w_EN w_ER mr1 mt1 ph1">1-day shipping</span></div></div></div></div></div></div><div class="mb1 ph1 pa0-xl bb b--near-white w-25"><div class="h-100 pb1-xl pr4-xl pv1 ph1" style="content-visibility:auto;contain-intrinsic-size:198px 340px"><div class="sans-serif mid-gray relative flex flex-column w-100" data-item-id="4M8GZN6T5GP2"><a class="absolute w-100 h-100 z-1" href="/ip/Cetaphil-Sheer-Sunscreen-Lotion-for-Face-Body-SPF-50-100-Mineral-UV-Filters-for-Sensitive-Skin-3-fl-oz/777036721" link-identifier="777036721"><span class="w_Af">Cetaphil Sheer Sunscreen Lotion for Face &amp; Body, SPF 50, 100% Mineral UV Filters for Sensitive Skin, 3 fl oz<!-- --> </span></a><div class="" data-testid="list-view"><div class=""><div class="h2 relative mb2"></div><div class="relative"><div class="relative overflow-hidden" style="max-width:290px;height:0;padding-bottom:min(290px, 100%);align-self:center;width:min(290px, 100%)"><img alt="" class="absolute top-0 left-0" data-testid="productTileImage" height="" loading="lazy" src="https://i5.walmartimages.com/asr/9c27cd25-0fe7-4844-b174-ea3e38b515d7.9db718e99fb1913fc4f3f632db7971ab.jpeg?odnHeight=580&amp;odnWidth=580&amp;odnBg=FFFFFF" srcset="https://i5.walmartimages.com/asr/9c27cd25-0fe7-4844-b174-ea3e38b515d7.9db718e99fb1913fc4f3f632db7971ab.jpeg?odnHeight=290&amp;odnWidth=290&amp;odnBg=FFFFFF 1x, https://i5.walmartimages.com/asr/9c27cd25-0fe7-4844-b174-ea3e38b515d7.9db718e99fb1913fc4f3f632db7971ab.jpeg?odnHeight=580&amp;odnWidth=580&amp;odnBg=FFFFFF 2x" width=""/></div><div class="z-2 absolute bottom--1"><div class="dib relative"><button aria-label="Add to cart - Cetaphil Sheer Sunscreen Lotion for Face &amp; Body, SPF 50, 100% Mineral UV Filters for Sensitive Skin, 3 fl oz" class="w_u w_w w_1 pointer bn bg-blue hover-bg-dark-blue white sans-serif b w-auto ph2 flex items-center justify-center shadow-1" type="button"><i class="ld ld-Plus" style="font-size:1.5rem;vertical-align:-0.25em" title="add to cart"></i><span class="mr2">Add</span></button></div></div></div><div class="mt5 mb1" data-testid="variant-4M8GZN6T5GP2" style="height:24px"></div></div><div class=""><div class="flex flex-wrap justify-start items-center lh-title mb2 mb1-m"><div aria-hidden="true" class="b black f5 mr1 mr2-xl lh-copy f4-l">$29.39</div><span class="w_Af">current price $29.39</span></div><span class="w_c" style="-webkit-line-clamp:3;padding-bottom:0em;margin-bottom:-0em"><span class="f6 f5-l normal dark-gray mb0 mt1 lh-title">Cetaphil Sheer Sunscreen Lotion for Face &amp; Body, SPF 50, 100% Mineral UV Filters for Sensitive Skin, 3 fl oz</span></span><div class="mt2 flex items-center"><span class="black inline-flex mr1"><i aria-hidden="true" class="ld ld-StarFill" style="font-size:12px;vertical-align:-0.175em"></i><i aria-hidden="true" class="ld ld-StarFill" style="font-size:12px;vertical-align:-0.175em"></i><i aria-hidden="true" class="ld ld-StarFill" style="font-size:12px;vertical-align:-0.175em"></i><i aria-hidden="true" class="ld ld-StarFill" style="font-size:12px;vertical-align:-0.175em"></i><i aria-hidden="true" class="ld ld-Star" style="font-size:12px;vertical-align:-0.175em"></i></span><span aria-hidden="true" class="sans-serif gray f7">104</span><span class="w_Af">4.1 out of 5 Stars. 104 reviews</span></div><div class="mt2 mb2"><span class="w_EH w_EN w_ER mr1 mt1 ph1">3+ day shipping</span></div></div></div></div></div></div><div class="mb1 ph1 pa0-xl bb b--near-white w-25"><div class="h-100 pb1-xl pr4-xl pv1 ph1" style="content-visibility:auto;contain-intrinsic-size:198px 340px"><div class="sans-serif mid-gray relative flex flex-column w-100" data-item-id="31GV2O8US62P"><a class="absolute w-100 h-100 z-1" href="/ip/Equate-Sport-Broad-Spectrum-Sunscreen-SPF-50-Twin-Pack/963321253?athbdg=L1200" link-identifier="963321253"><span class="w_Af">(2 twin packs) Equate Sport Broad Spectrum Sunscreen, SPF 50, Twin Pack<!-- --> </span></a><div class="" data-testid="list-view"><div class=""><div class="h2 relative mb2"><span class="w_EH w_EN w_EQ absolute">Popular pick</span></div><div class="relative"><div class="relative overflow-hidden" style="max-width:290px;height:0;padding-bottom:min(290px, 100%);align-self:center;width:min(290px, 100%)"><img alt="" class="absolute top-0 left-0" data-testid="productTileImage" height="" loading="lazy" src="https://i5.walmartimages.com/asr/9de441e3-4817-4917-8677-afb48749b24f_1.98dfd162283ff2d2feb1cdac9187fbc8.jpeg?odnHeight=580&amp;odnWidth=580&amp;odnBg=FFFFFF" srcset="https://i5.walmartimages.com/asr/9de441e3-4817-4917-8677-afb48749b24f_1.98dfd162283ff2d2feb1cdac9187fbc8.jpeg?odnHeight=290&amp;odnWidth=290&amp;odnBg=FFFFFF 1x, https://i5.walmartimages.com/asr/9de441e3-4817-4917-8677-afb48749b24f_1.98dfd162283ff2d2feb1cdac9187fbc8.jpeg?odnHeight=580&amp;odnWidth=580&amp;odnBg=FFFFFF 2x" width=""/></div><div class="z-2 absolute bottom--1"><div class="dib relative"><button aria-label="Add to cart - (2 twin packs) Equate Sport Broad Spectrum Sunscreen, SPF 50, Twin Pack" class="w_u w_w w_1 pointer bn bg-blue hover-bg-dark-blue white sans-serif b w-auto ph2 flex items-center justify-center shadow-1" type="button"><i class="ld ld-Plus" style="font-size:1.5rem;vertical-align:-0.25em" title="add to cart"></i><span class="mr2">Add</span></button></div></div></div><div class="mt5 mb1" data-testid="variant-31GV2O8US62P" style="height:24px"></div></div><div class=""><div class="flex flex-wrap justify-start items-center lh-title mb2 mb1-m"><div aria-hidden="true" class="b black f5 mr1 mr2-xl lh-copy f4-l">$6.98</div><span class="w_Af">current price $6.98</span></div><span class="w_c" style="-webkit-line-clamp:3;padding-bottom:0em;margin-bottom:-0em"><span class="f6 f5-l normal dark-gray mb0 mt1 lh-title">(2 twin packs) Equate Sport Broad Spectrum Sunscreen, SPF 50, Twin Pack</span></span><div class="mt2 flex items-center"><span class="black inline-flex mr1"><i aria-hidden="true" class="ld ld-StarFill" style="font-size:12px;vertical-align:-0.175em"></i><i aria-hidden="true" class="ld ld-StarFill" style="font-size:12px;vertical-align:-0.175em"></i><i aria-hidden="true" class="ld ld-StarFill" style="font-size:12px;vertical-align:-0.175em"></i><i aria-hidden="true" class="ld ld-StarFill" style="font-size:12px;vertical-align:-0.175em"></i><i aria-hidden="true" class="ld ld-StarHalf" style="font-size:12px;vertical-align:-0.175em"></i></span><span aria-hidden="true" class="sans-serif gray f7">148</span><span class="w_Af">4.7 out of 5 Stars. 148 reviews</span></div><div class="mv2 flex items-center"><div class="f7 mr1 blue b lh-copy">Save with</div><img alt="Walmart Plus" class="pr2 flex" height="20" loading="lazy" src="//i5.walmartimages.com/dfw/63fd9f59-ac39/29c6759d-7f14-49fa-bd3a-b870eb4fb8fb/v1/wplus-icon-blue.svg" width="20"/></div><div class="mt2 mb2"><span class="w_EH w_EN w_ER mr1 mt1 ph1">Pickup</span><span class="w_EH w_EN w_ER mr1 mt1 ph1">Delivery</span><span class="w_EH w_EN w_ER mr1 mt1 ph1">3+ day shipping</span></div></div></div></div></div></div><div class="mb1 ph1 pa0-xl bb b--near-white w-25"><div class="h-100 pb1-xl pr4-xl pv1 ph1" style="content-visibility:auto;contain-intrinsic-size:198px 340px"><div class="sans-serif mid-gray relative flex flex-column w-100" data-item-id="6TDAACAZ6DDS"><a class="absolute w-100 h-100 z-1" href="/ip/Equate-After-Sun-Soothing-Gel-With-Aloe-20-Oz/674535293?athbdg=L1600" link-identifier="674535293"><span class="w_Af">Equate After Sun Soothing Gel With Aloe, 20 Oz.<!-- --> </span></a><div class="" data-testid="list-view"><div class=""><div class="h2 relative mb2"><span class="w_EH w_EN w_EQ absolute">Best seller</span></div><div class="relative"><div class="relative overflow-hidden" style="max-width:290px;height:0;padding-bottom:min(290px, 100%);align-self:center;width:min(290px, 100%)"><img alt="" class="absolute top-0 left-0" data-testid="productTileImage" height="" loading="lazy" src="https://i5.walmartimages.com/asr/03984588-7abe-41a7-8c56-57395704f267.df9312b48a56f75b58d6bf941028366e.jpeg?odnHeight=580&amp;odnWidth=580&amp;odnBg=FFFFFF" srcset="https://i5.walmartimages.com/asr/03984588-7abe-41a7-8c56-57395704f267.df9312b48a56f75b58d6bf941028366e.jpeg?odnHeight=290&amp;odnWidth=290&amp;odnBg=FFFFFF 1x, https://i5.walmartimages.com/asr/03984588-7abe-41a7-8c56-57395704f267.df9312b48a56f75b58d6bf941028366e.jpeg?odnHeight=580&amp;odnWidth=580&amp;odnBg=FFFFFF 2x" width=""/></div><div class="z-2 absolute bottom--1"><div class="dib relative"><button aria-label="Add to cart - Equate After Sun Soothing Gel With Aloe, 20 Oz." class="w_u w_w w_1 pointer bn bg-blue hover-bg-dark-blue white sans-serif b w-auto ph2 flex items-center justify-center shadow-1" type="button"><i class="ld ld-Plus" style="font-size:1.5rem;vertical-align:-0.25em" title="add to cart"></i><span class="mr2">Add</span></button></div></div></div><div class="mt5 mb1" data-testid="variant-6TDAACAZ6DDS" style="height:24px"></div></div><div class=""><div class="flex flex-wrap justify-start items-center lh-title mb2 mb1-m"><div aria-hidden="true" class="b black f5 mr1 mr2-xl lh-copy f4-l">$3.98</div><span class="w_Af">current price $3.98</span><div class="f7 f6-l gray mr1">19.9 /oz</div></div><span class="w_c" style="-webkit-line-clamp:3;padding-bottom:0em;margin-bottom:-0em"><span class="f6 f5-l normal dark-gray mb0 mt1 lh-title">Equate After Sun Soothing Gel With Aloe, 20 Oz.</span></span><div class="mt2 flex items-center"><span class="black inline-flex mr1"><i aria-hidden="true" class="ld ld-StarFill" style="font-size:12px;vertical-align:-0.175em"></i><i aria-hidden="true" class="ld ld-StarFill" style="font-size:12px;vertical-align:-0.175em"></i><i aria-hidden="true" class="ld ld-StarFill" style="font-size:12px;vertical-align:-0.175em"></i><i aria-hidden="true" class="ld ld-StarFill" style="font-size:12px;vertical-align:-0.175em"></i><i aria-hidden="true" class="ld ld-StarHalf" style="font-size:12px;vertical-align:-0.175em"></i></span><span aria-hidden="true" class="sans-serif gray f7">446</span><span class="w_Af">4.6 out of 5 Stars. 446 reviews</span></div><div class="mv2 flex items-center"><div class="f7 mr1 blue b lh-copy">Save with</div><img alt="Walmart Plus" class="pr2 flex" height="20" loading="lazy" src="//i5.walmartimages.com/dfw/63fd9f59-ac39/29c6759d-7f14-49fa-bd3a-b870eb4fb8fb/v1/wplus-icon-blue.svg" width="20"/></div><div class="mt2 mb2"><span class="w_EH w_EN w_ER mr1 mt1 ph1">Pickup</span><span class="w_EH w_EN w_ER mr1 mt1 ph1">Delivery</span><span class="w_EH w_EN w_ER mr1 mt1 ph1">1-day shipping</span></div></div></div></div></div></div><div class="mb1 ph1 pa0-xl bb b--near-white w-25"><div class="h-100 pb1-xl pr4-xl pv1 ph1" style="content-visibility:auto;contain-intrinsic-size:198px 340px"><div class="sans-serif mid-gray relative flex flex-column w-100" data-item-id="5BXWFPQW414Z"><a class="absolute w-100 h-100 z-1" href="/ip/Burt-s-Bees-Aloe-Coconut-Oil-After-Sun-Soother-6-Oz/10451600" link-identifier="10451600"><span class="w_Af">Burt's Bees Aloe &amp; Coconut Oil After-Sun Soother, 6 Oz<!-- --> </span></a><div class="" data-testid="list-view"><div class=""><div class="h2 relative mb2"></div><div class="relative"><div class="relative overflow-hidden" style="max-width:290px;height:0;padding-bottom:min(290px, 100%);align-self:center;width:min(290px, 100%)"><img alt="" class="absolute top-0 left-0" data-testid="productTileImage" height="" loading="lazy" src="https://i5.walmartimages.com/asr/e1922db1-238c-4419-963c-86745f4b1f98.3a3d4699d767db197ebf5568a4d1ba49.jpeg?odnHeight=580&amp;odnWidth=580&amp;odnBg=FFFFFF" srcset="https://i5.walmartimages.com/asr/e1922db1-238c-4419-963c-86745f4b1f98.3a3d4699d767db197ebf5568a4d1ba49.jpeg?odnHeight=290&amp;odnWidth=290&amp;odnBg=FFFFFF 1x, https://i5.walmartimages.com/asr/e1922db1-238c-4419-963c-86745f4b1f98.3a3d4699d767db197ebf5568a4d1ba49.jpeg?odnHeight=580&amp;odnWidth=580&amp;odnBg=FFFFFF 2x" width=""/></div><div class="z-2 absolute bottom--1"><div class="dib relative"><button aria-label="Add to cart - Burt's Bees Aloe &amp; Coconut Oil After-Sun Soother, 6 Oz" class="w_u w_w w_1 pointer bn bg-blue hover-bg-dark-blue white sans-serif b w-auto ph2 flex items-center justify-center shadow-1" type="button"><i class="ld ld-Plus" style="font-size:1.5rem;vertical-align:-0.25em" title="add to cart"></i><span class="mr2">Add</span></button></div></div></div><div class="mt5 mb1" data-testid="variant-5BXWFPQW414Z" style="height:24px"></div></div><div class=""><div class="flex flex-wrap justify-start items-center lh-title mb2 mb1-m"><div aria-hidden="true" class="b black f5 mr1 mr2-xl lh-copy f4-l">$7.69</div><span class="w_Af">current price $7.69</span><div aria-hidden="true" class="f7 f6-l strike gray mr3">$10.02</div><span class="w_Af">was $10.02</span><div class="f7 f6-l gray mr1">$1.28/oz</div></div><span class="w_c" style="-webkit-line-clamp:3;padding-bottom:0em;margin-bottom:-0em"><span class="f6 f5-l normal dark-gray mb0 mt1 lh-title">Burt's Bees Aloe &amp; Coconut Oil After-Sun Soother, 6 Oz</span></span><div class="mt2 flex items-center"><span class="black inline-flex mr1"><i aria-hidden="true" class="ld ld-StarFill" style="font-size:12px;vertical-align:-0.175em"></i><i aria-hidden="true" class="ld ld-StarFill" style="font-size:12px;vertical-align:-0.175em"></i><i aria-hidden="true" class="ld ld-StarFill" style="font-size:12px;vertical-align:-0.175em"></i><i aria-hidden="true" class="ld ld-StarFill" style="font-size:12px;vertical-align:-0.175em"></i><i aria-hidden="true" class="ld ld-StarFill" style="font-size:12px;vertical-align:-0.175em"></i></span><span aria-hidden="true" class="sans-serif gray f7">253</span><span class="w_Af">4.8 out of 5 Stars. 253 reviews</span></div><div class="mv2 flex items-center"><div class="f7 mr1 blue b lh-copy">Save with</div><img alt="Walmart Plus" class="pr2 flex" height="20" loading="lazy" src="//i5.walmartimages.com/dfw/63fd9f59-ac39/29c6759d-7f14-49fa-bd3a-b870eb4fb8fb/v1/wplus-icon-blue.svg" width="20"/></div><div class="mt2 mb2"><span class="w_EH w_EN w_ER mr1 mt1 ph1">1-day shipping</span></div></div></div></div></div></div><div class="mb1 ph1 pa0-xl bb b--near-white w-25"><div class="h-100 pb1-xl pr4-xl pv1 ph1" style="content-visibility:auto;contain-intrinsic-size:198px 340px"><div class="sans-serif mid-gray relative flex flex-column w-100" data-item-id="557VAYDBZDQ9"><a class="absolute w-100 h-100 z-1" href="/ip/Neutrogena-Age-Shield-Face-Oil-Free-Sunscreen-SPF-70-3-fl-oz/10309499?athbdg=L1600" link-identifier="10309499"><span class="w_Af">Neutrogena Age Shield Face Oil-Free Sunscreen SPF 70, 3 fl. oz<!-- --> </span></a><div class="" data-testid="list-view"><div class=""><div class="h2 relative mb2"><span class="w_EH w_EN w_EQ absolute">Best seller</span></div><div class="relative"><div class="relative overflow-hidden" style="max-width:290px;height:0;padding-bottom:min(290px, 100%);align-self:center;width:min(290px, 100%)"><img alt="" class="absolute top-0 left-0" data-testid="productTileImage" height="" loading="lazy" src="https://i5.walmartimages.com/asr/5ca8a3b3-dbd1-41e2-b4f3-d7ef7022eb75.b92ee03ef3f4b83344d4c6c0c79c6e4e.jpeg?odnHeight=580&amp;odnWidth=580&amp;odnBg=FFFFFF" srcset="https://i5.walmartimages.com/asr/5ca8a3b3-dbd1-41e2-b4f3-d7ef7022eb75.b92ee03ef3f4b83344d4c6c0c79c6e4e.jpeg?odnHeight=290&amp;odnWidth=290&amp;odnBg=FFFFFF 1x, https://i5.walmartimages.com/asr/5ca8a3b3-dbd1-41e2-b4f3-d7ef7022eb75.b92ee03ef3f4b83344d4c6c0c79c6e4e.jpeg?odnHeight=580&amp;odnWidth=580&amp;odnBg=FFFFFF 2x" width=""/></div><div class="z-2 absolute bottom--1"><div class="dib relative"><button aria-label="Add to cart - Neutrogena Age Shield Face Oil-Free Sunscreen SPF 70, 3 fl. oz" class="w_u w_w w_1 pointer bn bg-blue hover-bg-dark-blue white sans-serif b w-auto ph2 flex items-center justify-center shadow-1" type="button"><i class="ld ld-Plus" style="font-size:1.5rem;vertical-align:-0.25em" title="add to cart"></i><span class="mr2">Add</span></button></div></div></div><div class="mt5 mb1" data-testid="variant-557VAYDBZDQ9" style="height:24px"></div></div><div class=""><div class="flex flex-wrap justify-start items-center lh-title mb2 mb1-m"><div aria-hidden="true" class="b black f5 mr1 mr2-xl lh-copy f4-l">$8.97</div><span class="w_Af">current price $8.97</span><div aria-hidden="true" class="f7 f6-l strike gray mr3">$13.50</div><span class="w_Af">was $13.50</span></div><span class="w_c" style="-webkit-line-clamp:3;padding-bottom:0em;margin-bottom:-0em"><span class="f6 f5-l normal dark-gray mb0 mt1 lh-title">Neutrogena Age Shield Face Oil-Free Sunscreen SPF 70, 3 fl. oz</span></span><div class="mt2 flex items-center"><span class="black inline-flex mr1"><i aria-hidden="true" class="ld ld-StarFill" style="font-size:12px;vertical-align:-0.175em"></i><i aria-hidden="true" class="ld ld-StarFill" style="font-size:12px;vertical-align:-0.175em"></i><i aria-hidden="true" class="ld ld-StarFill" style="font-size:12px;vertical-align:-0.175em"></i><i aria-hidden="true" class="ld ld-StarFill" style="font-size:12px;vertical-align:-0.175em"></i><i aria-hidden="true" class="ld ld-StarHalf" style="font-size:12px;vertical-align:-0.175em"></i></span><span aria-hidden="true" class="sans-serif gray f7">381</span><span class="w_Af">4.5 out of 5 Stars. 381 reviews</span></div><div class="mv2 flex items-center"><div class="f7 mr1 blue b lh-copy">Save with</div><img alt="Walmart Plus" class="pr2 flex" height="20" loading="lazy" src="//i5.walmartimages.com/dfw/63fd9f59-ac39/29c6759d-7f14-49fa-bd3a-b870eb4fb8fb/v1/wplus-icon-blue.svg" width="20"/></div><div class="mt2 mb2"><span class="w_EH w_EN w_ER mr1 mt1 ph1">Pickup</span><span class="w_EH w_EN w_ER mr1 mt1 ph1">Delivery</span><span class="w_EH w_EN w_ER mr1 mt1 ph1">2-day shipping</span></div></div></div></div></div></div><div class="mb1 ph1 pa0-xl bb b--near-white w-25"><div class="h-100 pb1-xl pr4-xl pv1 ph1" style="content-visibility:auto;contain-intrinsic-size:198px 340px"><div class="sans-serif mid-gray relative flex flex-column w-100" data-item-id="3HMBDGDHR59G"><a class="absolute w-100 h-100 z-1" href="/ip/Banana-Boat-After-Sun-Aloe-Spray-Free-From-Alcohol-6oz/540992630" link-identifier="540992630"><span class="w_Af">Banana Boat After Sun Aloe Spray, Free From Alcohol, 6oz.<!-- --> </span></a><div class="" data-testid="list-view"><div class=""><div class="h2 relative mb2"></div><div class="relative"><div class="relative overflow-hidden" style="max-width:290px;height:0;padding-bottom:min(290px, 100%);align-self:center;width:min(290px, 100%)"><img alt="" class="absolute top-0 left-0" data-testid="productTileImage" height="" loading="lazy" src="https://i5.walmartimages.com/asr/5ee26d45-04f7-4061-a5ae-d49124812fd3.7154df4df2f7ed0dd9a7d8d2540f98a4.jpeg?odnHeight=580&amp;odnWidth=580&amp;odnBg=FFFFFF" srcset="https://i5.walmartimages.com/asr/5ee26d45-04f7-4061-a5ae-d49124812fd3.7154df4df2f7ed0dd9a7d8d2540f98a4.jpeg?odnHeight=290&amp;odnWidth=290&amp;odnBg=FFFFFF 1x, https://i5.walmartimages.com/asr/5ee26d45-04f7-4061-a5ae-d49124812fd3.7154df4df2f7ed0dd9a7d8d2540f98a4.jpeg?odnHeight=580&amp;odnWidth=580&amp;odnBg=FFFFFF 2x" width=""/></div><div class="z-2 absolute bottom--1"><div class="dib relative"><button aria-label="Add to cart - Banana Boat After Sun Aloe Spray, Free From Alcohol, 6oz." class="w_u w_w w_1 pointer bn bg-blue hover-bg-dark-blue white sans-serif b w-auto ph2 flex items-center justify-center shadow-1" type="button"><i class="ld ld-Plus" style="font-size:1.5rem;vertical-align:-0.25em" title="add to cart"></i><span class="mr2">Add</span></button></div></div></div><div class="mt5 mb1" data-testid="variant-3HMBDGDHR59G" style="height:24px"></div></div><div class=""><div class="flex flex-wrap justify-start items-center lh-title mb2 mb1-m"><div aria-hidden="true" class="b black f5 mr1 mr2-xl lh-copy f4-l">$7.97</div><span class="w_Af">current price $7.97</span><div class="f7 f6-l gray mr1">$1.33/fl oz</div></div><span class="w_c" style="-webkit-line-clamp:3;padding-bottom:0em;margin-bottom:-0em"><span class="f6 f5-l normal dark-gray mb0 mt1 lh-title">Banana Boat After Sun Aloe Spray, Free From Alcohol, 6oz.</span></span><div class="mt2 flex items-center"><span class="black inline-flex mr1"><i aria-hidden="true" class="ld ld-StarFill" style="font-size:12px;vertical-align:-0.175em"></i><i aria-hidden="true" class="ld ld-StarFill" style="font-size:12px;vertical-align:-0.175em"></i><i aria-hidden="true" class="ld ld-StarFill" style="font-size:12px;vertical-align:-0.175em"></i><i aria-hidden="true" class="ld ld-StarFill" style="font-size:12px;vertical-align:-0.175em"></i><i aria-hidden="true" class="ld ld-StarHalf" style="font-size:12px;vertical-align:-0.175em"></i></span><span aria-hidden="true" class="sans-serif gray f7">15</span><span class="w_Af">4.3 out of 5 Stars. 15 reviews</span></div><div class="mv2 flex items-center"><div class="f7 mr1 blue b lh-copy">Save with</div><img alt="Walmart Plus" class="pr2 flex" height="20" loading="lazy" src="//i5.walmartimages.com/dfw/63fd9f59-ac39/29c6759d-7f14-49fa-bd3a-b870eb4fb8fb/v1/wplus-icon-blue.svg" width="20"/></div><div class="mt2 mb2"><span class="w_EH w_EN w_ER mr1 mt1 ph1">Pickup</span><span class="w_EH w_EN w_ER mr1 mt1 ph1">Delivery</span></div></div></div></div></div></div></div></section></div></div></div></div></div></div><div class="h-100 relative"><div class="flex flex-column h-100" data-testid="flex-container"><div class="h-100 relative"><div class="w_B9 pa0" id="BROWSE-MarqueeDisplayAd-marquee2"></div> <div class="pt3"><div class="w_B9 pa0" id="BROWSE-SponsoredProductCarousel-bottom"></div></div> <!-- --> <!-- --> </div></div></div></div></main></div></div><span><footer class="bg-washed-blue pt5 lh-copy relative z-0"><div class="mb5 pv1 tc"><p class="f5 mt0">Wed love to hear what you think!</p><button class="w_u w_x w_1" type="button">Give feedback</button></div><div class="bg-dark-blue pv4"><ul class="center flex flex-wrap justify-center list ma0 ph4 pb4 pt3 mw1280"><li><a class="no-underline pointer f6 white mr4" href="/all-departments" link-identifier="All Departments">All Departments</a></li><li><a aria-label="Store Directory - opens in a new window" class="no-underline pointer f6 white mr4" href="/store/directory" link-identifier="Store Directory" rel="noopener noreferrer" target="_blank">Store Directory</a></li><li><a aria-label="Careers - opens in a new window" class="no-underline pointer f6 white mr4" href="https://careers.walmart.com/" link-identifier="Careers" rel="noopener noreferrer" target="_blank">Careers</a></li><li><a aria-label="Our Company - opens in a new window" class="no-underline pointer f6 white mr4" href="https://corporate.walmart.com/" link-identifier="Our Company" rel="noopener noreferrer" target="_blank">Our Company</a></li><li><a aria-label="Sell on Walmart.com - opens in a new window" class="no-underline pointer f6 white mr4" href="https://marketplace.walmart.com/?utm_source=Walmart.com&amp;utm_medium=link&amp;utm_campaign=footer" link-identifier="Sell on Walmart.com" rel="noopener noreferrer" target="_blank">Sell on Walmart.com</a></li><li><a class="no-underline pointer f6 white mr4" href="/help" link-identifier="Help">Help</a></li><li><a class="no-underline pointer f6 white mr4" href="https://www.walmart.com/cp/flu-shots-immunizations/1228302" link-identifier="COVID-19 Vaccine Scheduler">COVID-19 Vaccine Scheduler</a></li><li><a aria-label="Product Recalls - opens in a new window" class="no-underline pointer f6 white mr4" href="https://corporate.walmart.com/recalls" link-identifier="Product Recalls" rel="noopener noreferrer" target="_blank">Product Recalls</a></li><li><a aria-label="Accessibility - opens in a new window" class="no-underline pointer f6 white mr4" href="https://www.walmart.com/help/article/responsible-disclosure-and-accessibility-policies/0f173dab8bd942da84b1cd7ab5ffc3cb" link-identifier="Accessibility" rel="noopener noreferrer" target="_blank">Accessibility</a></li><li><a aria-label="Tax Exempt Program - opens in a new window" class="no-underline pointer f6 white mr4" href="https://www.walmart.com/taxexempt/" link-identifier="Tax Exempt Program" rel="noopener noreferrer" target="_blank">Tax Exempt Program</a></li><li><a class="no-underline pointer f6 white mr4" href="https://walmart.onelink.me/UIev?pid=walmart.com&amp;af_web_dp=https%3A%2F%2Fwww.walmart.com%2Fcp%2Fwalmart-mobile-app%2F1087865&amp;c=Walmart.com%20Site%20Footer&amp;af_dp=walmart%3A%2F%2F" link-identifier="Get the Walmart App">Get the Walmart App</a></li><li><a class="no-underline pointer f6 white mr4" href="https://www.walmart.com/account/communications-and-privacy?section=marketingemails" link-identifier="Sign-up for Email">Sign-up for Email</a></li><li><a class="no-underline pointer f6 white mr4" href="/help/article/walmart-com-terms-of-use/3b75080af40340d6bbd596f116fae5a0" link-identifier="Terms of Use">Terms of Use</a></li><li><a aria-label="Privacy &amp; Security - opens in a new window" class="no-underline pointer f6 white mr4" href="https://corporate.walmart.com/privacy-security" link-identifier="Privacy &amp; Security" rel="noopener noreferrer" target="_blank">Privacy &amp; Security</a></li><li><a aria-label="CA Privacy Rights - opens in a new window" class="no-underline pointer f6 white mr4" href="https://corporate.walmart.com/privacy-security/california-privacy-rights" link-identifier="CA Privacy Rights" rel="noopener noreferrer" target="_blank">CA Privacy Rights</a></li><li><a aria-label="California Supply Chain Act - opens in a new window" class="no-underline pointer f6 white mr4" href="https://corporate.walmart.com/california-transparency" link-identifier="California Supply Chain Act" rel="noopener noreferrer" target="_blank">California Supply Chain Act</a></li><li><a aria-label="Do Not Sell My Personal Information - opens in a new window" class="no-underline pointer f6 white mr4" href="https://www.walmart.com/account/api/ccpa-intake?native=false&amp;app=gm&amp;type=sod" link-identifier="Do Not Sell My Personal Information" rel="noopener noreferrer" target="_blank">Do Not Sell My Personal Information</a></li><li><a aria-label="Request My Personal Information - opens in a new window" class="no-underline pointer f6 white" href="https://www.walmart.com/account/api/ccpa-intake?native=false&amp;app=gm&amp;type=access" link-identifier="Request My Personal Information" rel="noopener noreferrer" target="_blank">Request My Personal Information</a></li></ul><div class="pt2 f7 lh-title tc white"> 2022 Walmart. All Rights Reserved.</div></div></footer></span></div></div></div><div aria-live="assertive"></div></div><script id="__NEXT_DATA__" nonce="mdSnWJ7LbT93V6OW" type="application/json">{"props":{"pageProps":{"initialData":{"headers":{},"moduleDataByZone":{"pillsTopZone":{"name":"Browse Pills Module","version":5,"type":"PillsModule","moduleId":"1b40507d-81e6-4a56-a1ac-186a21cbd058","schedule":{"priority":1},"matchedTrigger":{"zone":"pillsTopZone"},"configs":{"__typename":"TempoWM_GLASSWWWPillsModuleConfigs","moduleSource":"chipModuleWithImages","pillsV2":[{"title":"Pickup Today","url":"https://www.walmart.com/browse/personal-care/sun-care/1005862_1001508?facet=fulfillment_method%3APickup%7C%7Cfulfillment_speed%3AToday","image":{"src":"https://i5.walmartimages.com/dfw/4ff9c6c9-818f/k2-_b8e6bc13-2e8d-4993-8e06-ab75a6d2b5df.v1.jpg","alt":"Pickup Today"}},{"title":"Same Day Delivery","url":"https://www.walmart.com/browse/personal-care/sun-care/1005862_1001508?facet=fulfillment_method%3ADelivery%7C%7Cfulfillment_speed%3AToday","image":{"src":"https://i5.walmartimages.com/dfw/4ff9c6c9-3819/k2-_07620449-b8cc-4248-b5fd-d7d05e8eba86.v1.jpg","alt":"Same Day Delivery"}},{"title":"Sunscreen","url":"https://www.walmart.com/browse/personal-care/sunscreen/1005862_1001508_8279042","image":{"src":"https://i5.walmartimages.com/dfw/4ff9c6c9-296b/k2-_cb959b6e-fb91-47c0-8dc1-d04ea6049673.v1.jpg","alt":"Sunscreen"}},{"title":"Facial Sunscreen","url":"https://www.walmart.com/browse/beauty/facial-sunscreen/1085666_1007039_4046177","image":{"src":"https://i5.walmartimages.com/dfw/4ff9c6c9-b3e3/k2-_98c4bc60-0539-44e1-99c6-0425428e7a09.v1.jpg","alt":"Facial Sunscreen"}},{"title":"Self-Tanners","url":"https://www.walmart.com/browse/personal-care/self-tanners-bronzers/1005862_1001508_6439038","image":{"src":"https://i5.walmartimages.com/dfw/4ff9c6c9-35d5/k2-_36c138f1-d2a7-4f8f-8f0e-510969f1e502.v1.jpg","alt":"Self-Tanners"}},{"title":"Tanning Lotions \u0026 Oils","url":"https://www.walmart.com/browse/personal-care/tanning-lotions-oils/1005862_1001508_7306596","image":{"src":"https://i5.walmartimages.com/dfw/4ff9c6c9-128b/k2-_63521d1f-dbf2-4419-aa25-346ea192b3da.v1.jpg","alt":"Tanning Lotions \u0026 Oils"}},{"title":"After-Sun Care","url":"https://www.walmart.com/browse/personal-care/after-sun-care/1005862_1001508_8361694","image":{"src":"https://i5.walmartimages.com/dfw/4ff9c6c9-287e/k2-_952201af-d66f-4002-8603-23e82efb41b9.v1.jpg","alt":"After-Sun Care"}},{"title":"Kids \u0026 Baby","url":"https://www.walmart.com/browse/personal-care/kids-baby-sunscreen/1005862_1001508_1620920","image":{"src":"https://i5.walmartimages.com/dfw/4ff9c6c9-ec92/k2-_8c9dd7de-34e6-4004-bc00-bfa9e3e70887.v1.jpg","alt":"Kids \u0026 Baby"}},{"title":"Pool Floats \u0026 Toys","url":"https://www.walmart.com/browse/outdoor-toys/floats-and-pool-games/4171_14521_8437187?povid=Suncare_NUP_Pool_Floats_Toys_4.8","image":{"src":"https://i5.walmartimages.com/dfw/4ff9c6c9-486f/k2-_38b30bbb-2449-4f33-9c52-ad4d6dc54223.v1.jpg","alt":"Pool Floats \u0026 Toys"}}]}},"bottomZone3":{"name":"Copy Block","version":5,"type":"CopyBlock","moduleId":"2ca07422-a364-4155-9173-79e615c57141","schedule":{"priority":1},"matchedTrigger":{"zone":"bottomZone3"},"configs":{"__typename":"TempoWM_GLASSWWWCopyBlockConfigs","copyBlock":{"cwc":""}}},"bottomZone1":{"name":"Marquee Display Ad BTF BP DWeb","version":2,"type":"MarqueeDisplayAd","moduleId":"17741b72-82a8-4fee-8de2-fd4f27679ab6","schedule":{"priority":0},"matchedTrigger":{"zone":"bottomZone1"},"configs":{"__typename":"TempoWM_GLASSWWWMarqueeDisplayAdConfigs","_rawConfigs":{"moduleLocation":"marquee2","lazy":"1000"},"ad":null}},"topZone3":{"name":"New Sort \u0026 Filter on Search Page Module, Wednesday, July 14, 2021, 3:12:54:47 pm","version":1,"type":"SearchSortFilterModule","moduleId":"c4592076-abb9-4007-8ad9-891ec264278c","schedule":{"priority":1},"matchedTrigger":{"zone":"topZone3"},"configs":{"__typename":"_TempoWM_GLASSWWWSearchSortFilterModuleConfigs","facetsV1":[{"title":"Gifting","name":"Gifting","type":"Gifting","layout":"default","min":null,"max":null,"selectedMin":null,"selectedMax":null,"unboundedMax":null,"stepSize":null,"isSelected":null,"values":[{"id":null,"name":"Gift eligible","description":null,"type":null,"itemCount":91,"isSelected":null,"baseSeoURL":null}]},{"title":"Sort by","name":"Sort","type":"sort","layout":"default","min":null,"max":null,"selectedMin":null,"selectedMax":null,"unboundedMax":null,"stepSize":null,"isSelected":null,"values":[{"id":"best_seller","name":"Best Seller","description":null,"type":null,"itemCount":null,"isSelected":false,"baseSeoURL":null},{"id":"best_match","name":"Best Match","description":null,"type":null,"itemCount":null,"isSelected":true,"baseSeoURL":null},{"id":"price_low","name":"Price: low to high","description":null,"type":null,"itemCount":null,"isSelected":false,"baseSeoURL":null},{"id":"price_high","name":"Price: high to low","description":null,"type":null,"itemCount":null,"isSelected":false,"baseSeoURL":null}]},{"title":"In-store","name":"In-store","type":"fulfillment_method_in_store","layout":"pill","min":null,"max":null,"selectedMin":null,"selectedMax":null,"unboundedMax":null,"stepSize":null,"isSelected":null,"values":null},{"title":"Pickup \u0026 shipping","name":"Fulfillment Method","type":"fulfillment_method","layout":"pill","min":null,"max":null,"selectedMin":null,"selectedMax":null,"unboundedMax":null,"stepSize":null,"isSelected":null,"values":[{"id":null,"name":"Pickup","description":"We'll bring it to you curbside or come inside to pick it up.","type":null,"itemCount":0,"isSelected":null,"baseSeoURL":null},{"id":null,"name":"Delivery","description":"Get your order brought to you from a store. Free with W+.","type":null,"itemCount":0,"isSelected":null,"baseSeoURL":null},{"id":null,"name":"Shipping","description":"Get your order shipped fast via FedEx or UPS.","type":null,"itemCount":0,"isSelected":null,"baseSeoURL":null}]},{"title":"Price","name":"Price","type":"price","layout":"pill","min":0,"max":30,"selectedMin":null,"selectedMax":null,"unboundedMax":true,"stepSize":1,"isSelected":null,"values":null},{"title":"Brand","name":"Brand","type":"brand","layout":"pill","min":null,"max":null,"selectedMin":null,"selectedMax":null,"unboundedMax":null,"stepSize":null,"isSelected":null,"values":[{"id":null,"name":"Banana Boat","description":null,"type":null,"itemCount":302,"isSelected":null,"baseSeoURL":"/browse/personal-care/sun-care/banana-boat/1005862_1001508/YnJhbmQ6QmFuYW5hIEJvYXQie"},{"id":null,"name":"Coppertone","description":null,"type":null,"itemCount":189,"isSelected":null,"baseSeoURL":"/browse/personal-care/sun-care/coppertone/1005862_1001508/YnJhbmQ6Q29wcGVydG9uZQieie"},{"id":null,"name":"Neutrogena","description":null,"type":null,"itemCount":195,"isSelected":null,"baseSeoURL":"/browse/personal-care/sun-care/neutrogena/1005862_1001508/YnJhbmQ6TmV1dHJvZ2VuYQieie"},{"id":null,"name":"Equate","description":null,"type":null,"itemCount":36,"isSelected":null,"baseSeoURL":"/browse/personal-care/sun-care/equate/1005862_1001508/YnJhbmQ6RXF1YXRl"},{"id":null,"name":"Hawaiian Tropic","description":null,"type":null,"itemCount":94,"isSelected":null,"baseSeoURL":"/browse/personal-care/sun-care/hawaiian-tropic/1005862_1001508/YnJhbmQ6SGF3YWlpYW4gVHJvcGlj"},{"id":null,"name":"Jergens","description":null,"type":null,"itemCount":51,"isSelected":null,"baseSeoURL":"/browse/personal-care/sun-care/jergens/1005862_1001508/YnJhbmQ6SmVyZ2Vucwieie"},{"id":null,"name":"EltaMD","description":null,"type":null,"itemCount":66,"isSelected":null,"baseSeoURL":"/browse/personal-care/sun-care/eltamd/1005862_1001508/YnJhbmQ6RWx0YU1E"},{"id":null,"name":"Australian Gold","description":null,"type":null,"itemCount":37,"isSelected":null,"baseSeoURL":"/browse/personal-care/sun-care/australian-gold/1005862_1001508/YnJhbmQ6QXVzdHJhbGlhbiiBHb2xk"},{"id":null,"name":"Aveeno","description":null,"type":null,"itemCount":60,"isSelected":null,"baseSeoURL":"/browse/personal-care/sun-care/aveeno/1005862_1001508/YnJhbmQ6QXZlZW5v"},{"id":null,"name":"Alba Botanica","description":null,"type":null,"itemCount":116,"isSelected":null,"baseSeoURL":"/browse/personal-care/sun-care/alba-botanica/1005862_1001508/YnJhbmQ6QWxiiYSBCb3RhbmljYQieie"},{"id":null,"name":"Bondi Sands","description":null,"type":null,"itemCount":16,"isSelected":null,"baseSeoURL":"/browse/personal-care/sun-care/bondi-sands/1005862_1001508/YnJhbmQ6Qm9uZGkgU2FuZHMie"},{"id":null,"name":"BabyGanics","description":null,"type":null,"itemCount":21,"isSelected":null,"baseSeoURL":"/browse/personal-care/sun-care/babyganics/1005862_1001508/YnJhbmQ6QmFiieUdhbmljcwieie"},{"id":null,"name":"L'Oreal Paris","description":null,"type":null,"itemCount":17,"isSelected":null,"baseSeoURL":"/browse/personal-care/sun-care/l-oreal-paris/1005862_1001508/YnJhbmQ6TCdPcmVhbCBQYXJpcwieie"},{"id":null,"name":"b.tan","description":null,"type":null,"itemCount":16,"isSelected":null,"baseSeoURL":"/browse/personal-care/sun-care/b-tan/1005862_1001508/YnJhbmQ6Yii50YW4ie"},{"id":null,"name":"La Roche-Posay","description":null,"type":null,"itemCount":50,"isSelected":null,"baseSeoURL":"/browse/personal-care/sun-care/la-roche-posay/1005862_1001508/YnJhbmQ6TGEgUm9jaGUtUG9zYXkie"},{"id":null,"name":"Hello Bello","description":null,"type":null,"itemCount":4,"isSelected":null,"baseSeoURL":"/browse/personal-care/sun-care/hello-bello/1005862_1001508/YnJhbmQ6SGVsbG8gQmVsbG8ie"},{"id":null,"name":"Blue Lizard","description":null,"type":null,"itemCount":30,"isSelected":null,"baseSeoURL":"/browse/personal-care/sun-care/blue-lizard/1005862_1001508/YnJhbmQ6Qmx1ZSBMaXphcmQie"},{"id":null,"name":"Tizo","description":null,"type":null,"itemCount":8,"isSelected":null,"baseSeoURL":"/browse/personal-care/sun-care/tizo/1005862_1001508/YnJhbmQ6VGl6bwieie"},{"id":null,"name":"St. Tropez","description":null,"type":null,"itemCount":24,"isSelected":null,"baseSeoURL":"/browse/personal-care/sun-care/st-tropez/1005862_1001508/YnJhbmQ6U3QuIFRyb3Blegieie"},{"id":null,"name":"Cetaphil","description":null,"type":null,"itemCount":4,"isSelected":null,"baseSeoURL":"/browse/personal-care/sun-care/cetaphil/1005862_1001508/YnJhbmQ6Q2V0YXBoaWwie"},{"id":null,"name":"Bior","description":null,"type":null,"itemCount":6,"isSelected":null,"baseSeoURL":"/browse/personal-care/sun-care/bior/1005862_1001508/YnJhbmQ6Qmlvcgieie"},{"id":null,"name":"European Gold","description":null,"type":null,"itemCount":3,"isSelected":null,"baseSeoURL":null},{"id":null,"name":"Bare Republic","description":null,"type":null,"itemCount":10,"isSelected":null,"baseSeoURL":"/browse/personal-care/sun-care/bare-republic/1005862_1001508/YnJhbmQ6QmFyZSBSZXB1YmxpYwieie"},{"id":null,"name":"Tan Towel","description":null,"type":null,"itemCount":17,"isSelected":null,"baseSeoURL":"/browse/personal-care/sun-care/tan-towel/1005862_1001508/YnJhbmQ6VGFuIFRvd2Vs"},{"id":null,"name":"L'Oreal","description":null,"type":null,"itemCount":8,"isSelected":null,"baseSeoURL":"/browse/personal-care/sun-care/l-oreal/1005862_1001508/YnJhbmQ6TCdPcmVhbAieie"},{"id":null,"name":"Cosrx","description":null,"type":null,"itemCount":1,"isSelected":null,"baseSeoURL":null},{"id":null,"name":"Thinkbaby","description":null,"type":null,"itemCount":18,"isSelected":null,"baseSeoURL":"/browse/personal-care/sun-care/thinkbaby/1005862_1001508/YnJhbmQ6VGhpbmtiiYWJ5"},{"id":null,"name":"NATURE REPUBLIC","description":null,"type":null,"itemCount":8,"isSelected":null,"baseSeoURL":"/browse/personal-care/sun-care/nature-republic/1005862_1001508/YnJhbmQ6TkFUVVJFIFJFUFVCTElD"},{"id":null,"name":"Burt's Bees","description":null,"type":null,"itemCount":7,"isSelected":null,"baseSeoURL":"/browse/personal-care/sun-care/burt-s-bees/1005862_1001508/YnJhbmQ6QnVydCdzIEJlZXMie"},{"id":null,"name":"Sun Bum","description":null,"type":null,"itemCount":8,"isSelected":null,"baseSeoURL":"/browse/personal-care/sun-care/sun-bum/1005862_1001508/YnJhbmQ6U3VuIEJ1bQieie"},{"id":null,"name":"Solbar","description":null,"type":null,"itemCount":21,"isSelected":null,"baseSeoURL":"/browse/personal-care/sun-care/solbar/1005862_1001508/YnJhbmQ6U29sYmFy"},{"id":null,"name":"Maui Babe","description":null,"type":null,"itemCount":8,"isSelected":null,"baseSeoURL":"/browse/personal-care/sun-care/maui-babe/1005862_1001508/YnJhbmQ6TWF1aSBCYWJl"},{"id":null,"name":"CeraVe","description":null,"type":null,"itemCount":9,"isSelected":null,"baseSeoURL":"/browse/personal-care/sun-care/cerave/1005862_1001508/YnJhbmQ6Q2VyYVZl"},{"id":null,"name":"Playtex","description":null,"type":null,"itemCount":1,"isSelected":null,"baseSeoURL":null},{"id":null,"name":"Purpose","description":null,"type":null,"itemCount":2,"isSelected":null,"baseSeoURL":null},{"id":null,"name":"Luster's Pink","description":null,"type":null,"itemCount":1,"isSelected":null,"baseSeoURL":null},{"id":null,"name":"Eucerin","description":null,"type":null,"itemCount":16,"isSelected":null,"baseSeoURL":"/browse/personal-care/sun-care/eucerin/1005862_1001508/YnJhbmQ6RXVjZXJpbgieie"},{"id":null,"name":"Image Skin Care","description":null,"type":null,"itemCount":4,"isSelected":null,"baseSeoURL":"/browse/personal-care/sun-care/image-skin-care/1005862_1001508/YnJhbmQ6SW1hZ2UgU2tpbiiBDYXJl"},{"id":null,"name":"Missha","description":null,"type":null,"itemCount":10,"isSelected":null,"baseSeoURL":"/browse/personal-care/sun-care/missha/1005862_1001508/YnJhbmQ6TWlzc2hh"},{"id":null,"name":"Existing Beauty","description":null,"type":null,"itemCount":3,"isSelected":null,"baseSeoURL":null},{"id":null,"name":"Tan Physics","description":null,"type":null,"itemCount":4,"isSelected":null,"baseSeoURL":"/browse/personal-care/sun-care/tan-physics/1005862_1001508/YnJhbmQ6VGFuIFBoeXNpY3Mie"},{"id":null,"name":"Malisata","description":null,"type":null,"itemCount":149,"isSelected":null,"baseSeoURL":"/browse/personal-care/sun-care/malisata/1005862_1001508/YnJhbmQ6TWFsaXNhdGEie"},{"id":null,"name":"unknown","description":null,"type":null,"itemCount":65,"isSelected":null,"baseSeoURL":"/browse/personal-care/sun-care/unknown/1005862_1001508/YnJhbmQ6dW5rbm93bgieie"},{"id":null,"name":"Bolanlay LLC","description":null,"type":null,"itemCount":63,"isSelected":null,"baseSeoURL":"/browse/personal-care/sun-care/bolanlay-llc/1005862_1001508/YnJhbmQ6Qm9sYW5sYXkgTExD"},{"id":null,"name":"Fruit of the Earth","description":null,"type":null,"itemCount":56,"isSelected":null,"baseSeoURL":"/browse/personal-care/sun-care/fruit-of-the-earth/1005862_1001508/YnJhbmQ6RnJ1aXQgb2YgdGhlIEVhcnRo"},{"id":null,"name":"Zinka","description":null,"type":null,"itemCount":46,"isSelected":null,"baseSeoURL":"/browse/personal-care/sun-care/zinka/1005862_1001508/YnJhbmQ6Wmlua2Eie"},{"id":null,"name":"Belloccio","description":null,"type":null,"itemCount":36,"isSelected":null,"baseSeoURL":"/browse/personal-care/sun-care/belloccio/1005862_1001508/YnJhbmQ6QmVsbG9jY2lv"},{"id":null,"name":"OLOEY","description":null,"type":null,"itemCount":36,"isSelected":null,"baseSeoURL":"/browse/personal-care/sun-care/oloey/1005862_1001508/YnJhbmQ6T0xPRVkie"},{"id":null,"name":"Unbrand","description":null,"type":null,"itemCount":35,"isSelected":null,"baseSeoURL":"/browse/personal-care/sun-care/unbrand/1005862_1001508/YnJhbmQ6VW5iicmFuZAieie"},{"id":null,"name":"Fly Sunton","description":null,"type":null,"itemCount":34,"isSelected":null,"baseSeoURL":"/browse/personal-care/sun-care/fly-sunton/1005862_1001508/YnJhbmQ6Rmx5IFN1bnRvbgieie"},{"id":null,"name":"MIARHB","description":null,"type":null,"itemCount":33,"isSelected":null,"baseSeoURL":"/browse/personal-care/sun-care/miarhb/1005862_1001508/YnJhbmQ6TUlBUkhC"},{"id":null,"name":"Babo Botanicals","description":null,"type":null,"itemCount":32,"isSelected":null,"baseSeoURL":"/browse/personal-care/sun-care/babo-botanicals/1005862_1001508/YnJhbmQ6QmFiibyBCb3RhbmljYWxz"},{"id":null,"name":"Mortilo","description":null,"type":null,"itemCount":32,"isSelected":null,"baseSeoURL":"/browse/personal-care/sun-care/mortilo/1005862_1001508/YnJhbmQ6TW9ydGlsbwieie"},{"id":null,"name":"Engenius Energy LLC","description":null,"type":null,"itemCount":31,"isSelected":null,"baseSeoURL":"/browse/personal-care/sun-care/engenius-energy-llc/1005862_1001508/YnJhbmQ6RW5nZW5pdXMgRW5lcmd5IExMQwieie"},{"id":null,"name":"Zya Felix","description":null,"type":null,"itemCount":30,"isSelected":null,"baseSeoURL":"/browse/personal-care/sun-care/zya-felix/1005862_1001508/YnJhbmQ6WnlhIEZlbGl4"},{"id":null,"name":"Homiepacck","description":null,"type":null,"itemCount":28,"isSelected":null,"baseSeoURL":"/browse/personal-care/sun-care/homiepacck/1005862_1001508/YnJhbmQ6SG9taWVwYWNjawieie"},{"id":null,"name":"Sally Hansen","description":null,"type":null,"itemCount":28,"isSelected":null,"baseSeoURL":"/browse/personal-care/sun-care/sally-hansen/1005862_1001508/YnJhbmQ6U2FsbHkgSGFuc2Vu"},{"id":null,"name":"Devoted Creations","description":null,"type":null,"itemCount":27,"isSelected":null,"baseSeoURL":"/browse/personal-care/sun-care/devoted-creations/1005862_1001508/YnJhbmQ6RGV2b3RlZCBDcmVhdGlvbnMie"},{"id":null,"name":"Up\u0026Up","description":null,"type":null,"itemCount":27,"isSelected":null,"baseSeoURL":"/browse/personal-care/sun-care/up-up/1005862_1001508/YnJhbmQ6VXAmVXAie"},{"id":null,"name":"BULL TECH","description":null,"type":null,"itemCount":25,"isSelected":null,"baseSeoURL":"/browse/personal-care/sun-care/bull-tech/1005862_1001508/YnJhbmQ6QlVMTCBURUNI"},{"id":null,"name":"Shiseido","description":null,"type":null,"itemCount":25,"isSelected":null,"baseSeoURL":"/browse/personal-care/sun-care/shiseido/1005862_1001508/YnJhbmQ6U2hpc2VpZG8ie"},{"id":null,"name":"Thinksport","description":null,"type":null,"itemCount":25,"isSelected":null,"baseSeoURL":"/browse/personal-care/sun-care/thinksport/1005862_1001508/YnJhbmQ6VGhpbmtzcG9ydAieie"},{"id":null,"name":"Wisremt","description":null,"type":null,"itemCount":25,"isSelected":null,"baseSeoURL":"/browse/personal-care/sun-care/wisremt/1005862_1001508/YnJhbmQ6V2lzcmVtdAieie"},{"id":null,"name":"Body Drench","description":null,"type":null,"itemCount":24,"isSelected":null,"baseSeoURL":"/browse/personal-care/sun-care/body-drench/1005862_1001508/YnJhbmQ6Qm9keSBEcmVuY2gie"},{"id":null,"name":"MJ Direct Wholesale","description":null,"type":null,"itemCount":24,"isSelected":null,"baseSeoURL":"/browse/personal-care/sun-care/mj-direct-wholesale/1005862_1001508/YnJhbmQ6TUogRGlyZWN0IFdob2xlc2FsZQieie"},{"id":null,"name":"Norvell","description":null,"type":null,"itemCount":24,"isSelected":null,"baseSeoURL":"/browse/personal-care/sun-care/norvell/1005862_1001508/YnJhbmQ6Tm9ydmVsbAieie"},{"id":null,"name":"Panama Jack","description":null,"type":null,"itemCount":24,"isSelected":null,"baseSeoURL":"/browse/personal-care/sun-care/panama-jack/1005862_1001508/YnJhbmQ6UGFuYW1hIEphY2sie"},{"id":null,"name":"Shomzy4Store","description":null,"type":null,"itemCount":24,"isSelected":null,"baseSeoURL":"/browse/personal-care/sun-care/shomzy4store/1005862_1001508/YnJhbmQ6U2hvbXp5NFN0b3Jl"},{"id":null,"name":"Conamon","description":null,"type":null,"itemCount":23,"isSelected":null,"baseSeoURL":"/browse/personal-care/sun-care/conamon/1005862_1001508/YnJhbmQ6Q29uYW1vbgieie"},{"id":null,"name":"Onyx","description":null,"type":null,"itemCount":22,"isSelected":null,"baseSeoURL":"/browse/personal-care/sun-care/onyx/1005862_1001508/YnJhbmQ6T255eAieie"},{"id":null,"name":"Supergoop!","description":null,"type":null,"itemCount":22,"isSelected":null,"baseSeoURL":"/browse/personal-care/sun-care/supergoop-/1005862_1001508/YnJhbmQ6U3VwZXJnb29wIQieie"},{"id":null,"name":"Catinbow","description":null,"type":null,"itemCount":21,"isSelected":null,"baseSeoURL":"/browse/personal-care/sun-care/catinbow/1005862_1001508/YnJhbmQ6Q2F0aW5iib3cie"},{"id":null,"name":"Famure","description":null,"type":null,"itemCount":21,"isSelected":null,"baseSeoURL":"/browse/personal-care/sun-care/famure/1005862_1001508/YnJhbmQ6RmFtdXJl"},{"id":null,"name":"Younar","description":null,"type":null,"itemCount":21,"isSelected":null,"baseSeoURL":"/browse/personal-care/sun-care/younar/1005862_1001508/YnJhbmQ6WW91bmFy"},{"id":null,"name":"Ladychenile","description":null,"type":null,"itemCount":19,"isSelected":null,"baseSeoURL":"/browse/personal-care/sun-care/ladychenile/1005862_1001508/YnJhbmQ6TGFkeWNoZW5pbGUie"},{"id":null,"name":"YBENWL","description":null,"type":null,"itemCount":19,"isSelected":null,"baseSeoURL":"/browse/personal-care/sun-care/ybenwl/1005862_1001508/YnJhbmQ6WUJFTldM"},{"id":null,"name":"ociviesr","description":null,"type":null,"itemCount":19,"isSelected":null,"baseSeoURL":"/browse/personal-care/sun-care/ociviesr/1005862_1001508/YnJhbmQ6b2Npdmllc3Iie"},{"id":null,"name":"Aomeily","description":null,"type":null,"itemCount":18,"isSelected":null,"baseSeoURL":"/browse/personal-care/sun-care/aomeily/1005862_1001508/YnJhbmQ6QW9tZWlseQieie"},{"id":null,"name":"Fovolat","description":null,"type":null,"itemCount":18,"isSelected":null,"baseSeoURL":"/browse/personal-care/sun-care/fovolat/1005862_1001508/YnJhbmQ6Rm92b2xhdAieie"},{"id":null,"name":"Zeeneek","description":null,"type":null,"itemCount":18,"isSelected":null,"baseSeoURL":"/browse/personal-care/sun-care/zeeneek/1005862_1001508/YnJhbmQ6WmVlbmVlawieie"},{"id":null,"name":"Derma E","description":null,"type":null,"itemCount":17,"isSelected":null,"baseSeoURL":"/browse/personal-care/sun-care/derma-e/1005862_1001508/YnJhbmQ6RGVybWEgRQieie"},{"id":null,"name":"Just E Joy","description":null,"type":null,"itemCount":17,"isSelected":null,"baseSeoURL":"/browse/personal-care/sun-care/just-e-joy/1005862_1001508/YnJhbmQ6SnVzdCBFIEpveQieie"},{"id":null,"name":"Kayronica Ecom LLC","description":null,"type":null,"itemCount":17,"isSelected":null,"baseSeoURL":"/browse/personal-care/sun-care/kayronica-ecom-llc/1005862_1001508/YnJhbmQ6S2F5cm9uaWNhIEVjb20gTExD"},{"id":null,"name":"Malina","description":null,"type":null,"itemCount":17,"isSelected":null,"baseSeoURL":"/browse/personal-care/sun-care/malina/1005862_1001508/YnJhbmQ6TWFsaW5h"},{"id":null,"name":"Mega Wheels","description":null,"type":null,"itemCount":17,"isSelected":null,"baseSeoURL":"/browse/personal-care/sun-care/mega-wheels/1005862_1001508/YnJhbmQ6TWVnYSBXaGVlbHMie"},{"id":null,"name":"Atralife","description":null,"type":null,"itemCount":16,"isSelected":null,"baseSeoURL":"/browse/personal-care/sun-care/atralife/1005862_1001508/YnJhbmQ6QXRyYWxpZmUie"},{"id":null,"name":"Avene","description":null,"type":null,"itemCount":16,"isSelected":null,"baseSeoURL":"/browse/personal-care/sun-care/avene/1005862_1001508/YnJhbmQ6QXZlbmUie"},{"id":null,"name":"coming soon","description":null,"type":null,"itemCount":16,"isSelected":null,"baseSeoURL":"/browse/personal-care/sun-care/coming-soon/1005862_1001508/YnJhbmQ6Y29taW5nIHNvb24ie"},{"id":null,"name":"Lacyie","description":null,"type":null,"itemCount":15,"isSelected":null,"baseSeoURL":"/browse/personal-care/sun-care/lacyie/1005862_1001508/YnJhbmQ6TGFjeWll"},{"id":null,"name":"Linen-Purity","description":null,"type":null,"itemCount":15,"isSelected":null,"baseSeoURL":"/browse/personal-care/sun-care/linen-purity/1005862_1001508/YnJhbmQ6TGluZW4tUHVyaXR5"},{"id":null,"name":"Midewhik","description":null,"type":null,"itemCount":15,"isSelected":null,"baseSeoURL":"/browse/personal-care/sun-care/midewhik/1005862_1001508/YnJhbmQ6TWlkZXdoaWsie"},{"id":null,"name":"BIODERMA","description":null,"type":null,"itemCount":14,"isSelected":null,"baseSeoURL":"/browse/personal-care/sun-care/bioderma/1005862_1001508/YnJhbmQ6QklPREVSTUEie"},{"id":null,"name":"Clarins","description":null,"type":null,"itemCount":14,"isSelected":null,"baseSeoURL":"/browse/personal-care/sun-care/clarins/1005862_1001508/YnJhbmQ6Q2xhcmlucwieie"},{"id":null,"name":"Coretex","description":null,"type":null,"itemCount":14,"isSelected":null,"baseSeoURL":"/browse/personal-care/sun-care/coretex/1005862_1001508/YnJhbmQ6Q29yZXRleAieie"},{"id":null,"name":"Fridja","description":null,"type":null,"itemCount":14,"isSelected":null,"baseSeoURL":"/browse/personal-care/sun-care/fridja/1005862_1001508/YnJhbmQ6RnJpZGph"},{"id":null,"name":"Hampton Sun","description":null,"type":null,"itemCount":14,"isSelected":null,"baseSeoURL":"/browse/personal-care/sun-care/hampton-sun/1005862_1001508/YnJhbmQ6SGFtcHRvbiiBTdW4ie"},{"id":null,"name":"Hawaiian","description":null,"type":null,"itemCount":14,"isSelected":null,"baseSeoURL":"/browse/personal-care/sun-care/hawaiian/1005862_1001508/YnJhbmQ6SGF3YWlpYW4ie"},{"id":null,"name":"Aloe Gator","description":null,"type":null,"itemCount":13,"isSelected":null,"baseSeoURL":"/browse/personal-care/sun-care/aloe-gator/1005862_1001508/YnJhbmQ6QWxvZSBHYXRvcgieie"},{"id":null,"name":"Generic","description":null,"type":null,"itemCount":13,"isSelected":null,"baseSeoURL":"/browse/personal-care/sun-care/generic/1005862_1001508/YnJhbmQ6R2VuZXJpYwieie"},{"id":null,"name":"Goddess Garden","description":null,"type":null,"itemCount":13,"isSelected":null,"baseSeoURL":"/browse/personal-care/sun-care/goddess-garden/1005862_1001508/YnJhbmQ6R29kZGVzcyBHYXJkZW4ie"},{"id":null,"name":"Heliocare","description":null,"type":null,"itemCount":13,"isSelected":null,"baseSeoURL":"/browse/personal-care/sun-care/heliocare/1005862_1001508/YnJhbmQ6SGVsaW9jYXJl"},{"id":null,"name":"Soleil Noir","description":null,"type":null,"itemCount":13,"isSelected":null,"baseSeoURL":"/browse/personal-care/sun-care/soleil-noir/1005862_1001508/YnJhbmQ6U29sZWlsIE5vaXIie"},{"id":null,"name":"A","description":null,"type":null,"itemCount":12,"isSelected":null,"baseSeoURL":"/browse/personal-care/sun-care/a/1005862_1001508/YnJhbmQ6QQieie"},{"id":null,"name":"Ankishi","description":null,"type":null,"itemCount":12,"isSelected":null,"baseSeoURL":"/browse/personal-care/sun-care/ankishi/1005862_1001508/YnJhbmQ6QW5raXNoaQieie"},{"id":null,"name":"ColoreScience","description":null,"type":null,"itemCount":12,"isSelected":null,"baseSeoURL":"/browse/personal-care/sun-care/colorescience/1005862_1001508/YnJhbmQ6Q29sb3JlU2NpZW5jZQieie"},{"id":null,"name":"Fawcotu","description":null,"type":null,"itemCount":12,"isSelected":null,"baseSeoURL":"/browse/personal-care/sun-care/fawcotu/1005862_1001508/YnJhbmQ6RmF3Y290dQieie"},{"id":null,"name":"LYU","description":null,"type":null,"itemCount":12,"isSelected":null,"baseSeoURL":"/browse/personal-care/sun-care/lyu/1005862_1001508/YnJhbmQ6TFlV"},{"id":null,"name":"MDSolarSciences","description":null,"type":null,"itemCount":12,"isSelected":null,"baseSeoURL":"/browse/personal-care/sun-care/mdsolarsciences/1005862_1001508/YnJhbmQ6TURTb2xhclNjaWVuY2Vz"},{"id":null,"name":"OESI","description":null,"type":null,"itemCount":12,"isSelected":null,"baseSeoURL":"/browse/personal-care/sun-care/oesi/1005862_1001508/YnJhbmQ6T0VTSQieie"},{"id":null,"name":"Popvcly","description":null,"type":null,"itemCount":12,"isSelected":null,"baseSeoURL":"/browse/personal-care/sun-care/popvcly/1005862_1001508/YnJhbmQ6UG9wdmNseQieie"},{"id":null,"name":"TOYFUNNY","description":null,"type":null,"itemCount":12,"isSelected":null,"baseSeoURL":"/browse/personal-care/sun-care/toyfunny/1005862_1001508/YnJhbmQ6VE9ZRlVOTlkie"},{"id":null,"name":"YADORNOS","description":null,"type":null,"itemCount":12,"isSelected":null,"baseSeoURL":"/browse/personal-care/sun-care/yadornos/1005862_1001508/YnJhbmQ6WUFET1JOT1Mie"},{"id":null,"name":"Dermalogica","description":null,"type":null,"itemCount":11,"isSelected":null,"baseSeoURL":"/browse/personal-care/sun-care/dermalogica/1005862_1001508/YnJhbmQ6RGVybWFsb2dpY2Eie"},{"id":null,"name":"Fantadool","description":null,"type":null,"itemCount":11,"isSelected":null,"baseSeoURL":"/browse/personal-care/sun-care/fantadool/1005862_1001508/YnJhbmQ6RmFudGFkb29s"},{"id":null,"name":"ForestYashe","description":null,"type":null,"itemCount":11,"isSelected":null,"baseSeoURL":"/browse/personal-care/sun-care/forestyashe/1005862_1001508/YnJhbmQ6Rm9yZXN0WWFzaGUie"},{"id":null,"name":"LYUMO","description":null,"type":null,"itemCount":11,"isSelected":null,"baseSeoURL":"/browse/personal-care/sun-care/lyumo/1005862_1001508/YnJhbmQ6TFlVTU8ie"},{"id":null,"name":"Mgaxyff","description":null,"type":null,"itemCount":11,"isSelected":null,"baseSeoURL":"/browse/personal-care/sun-care/mgaxyff/1005862_1001508/YnJhbmQ6TWdheHlmZgieie"},{"id":null,"name":"Spree","description":null,"type":null,"itemCount":11,"isSelected":null,"baseSeoURL":"/browse/personal-care/sun-care/spree/1005862_1001508/YnJhbmQ6U3ByZWUie"},{"id":null,"name":"Well At Walgreens","description":null,"type":null,"itemCount":11,"isSelected":null,"baseSeoURL":"/browse/personal-care/sun-care/well-at-walgreens/1005862_1001508/YnJhbmQ6V2VsbCBBdCBXYWxncmVlbnMie"},{"id":null,"name":"Wishwin","description":null,"type":null,"itemCount":11,"isSelected":null,"baseSeoURL":"/browse/personal-care/sun-care/wishwin/1005862_1001508/YnJhbmQ6V2lzaHdpbgieie"},{"id":null,"name":"Alexsix","description":null,"type":null,"itemCount":10,"isSelected":null,"baseSeoURL":"/browse/personal-care/sun-care/alexsix/1005862_1001508/YnJhbmQ6QWxleHNpeAieie"},{"id":null,"name":"Cergrey","description":null,"type":null,"itemCount":10,"isSelected":null,"baseSeoURL":"/browse/personal-care/sun-care/cergrey/1005862_1001508/YnJhbmQ6Q2VyZ3JleQieie"},{"id":null,"name":"KASCLINO","description":null,"type":null,"itemCount":10,"isSelected":null,"baseSeoURL":"/browse/personal-care/sun-care/kasclino/1005862_1001508/YnJhbmQ6S0FTQ0xJTk8ie"},{"id":null,"name":"OTVIAP","description":null,"type":null,"itemCount":10,"isSelected":null,"baseSeoURL":"/browse/personal-care/sun-care/otviap/1005862_1001508/YnJhbmQ6T1RWSUFQ"},{"id":null,"name":"Obagi","description":null,"type":null,"itemCount":10,"isSelected":null,"baseSeoURL":"/browse/personal-care/sun-care/obagi/1005862_1001508/YnJhbmQ6T2JhZ2kie"},{"id":null,"name":"Sweet Candy","description":null,"type":null,"itemCount":10,"isSelected":null,"baseSeoURL":"/browse/personal-care/sun-care/sweet-candy/1005862_1001508/YnJhbmQ6U3dlZXQgQ2FuZHkie"},{"id":null,"name":"Uriage","description":null,"type":null,"itemCount":10,"isSelected":null,"baseSeoURL":"/browse/personal-care/sun-care/uriage/1005862_1001508/YnJhbmQ6VXJpYWdl"},{"id":null,"name":"ALEXTREME","description":null,"type":null,"itemCount":9,"isSelected":null,"baseSeoURL":"/browse/personal-care/sun-care/alextreme/1005862_1001508/YnJhbmQ6QUxFWFRSRU1F"},{"id":null,"name":"Biotherm","description":null,"type":null,"itemCount":9,"isSelected":null,"baseSeoURL":"/browse/personal-care/sun-care/biotherm/1005862_1001508/YnJhbmQ6QmlvdGhlcm0ie"},{"id":null,"name":"Eveline Cosmetics","description":null,"type":null,"itemCount":9,"isSelected":null,"baseSeoURL":"/browse/personal-care/sun-care/eveline-cosmetics/1005862_1001508/YnJhbmQ6RXZlbGluZSBDb3NtZXRpY3Mie"},{"id":null,"name":"Face","description":null,"type":null,"itemCount":9,"isSelected":null,"baseSeoURL":"/browse/personal-care/sun-care/face/1005862_1001508/YnJhbmQ6RmFjZQieie"},{"id":null,"name":"Fugacal","description":null,"type":null,"itemCount":9,"isSelected":null,"baseSeoURL":"/browse/personal-care/sun-care/fugacal/1005862_1001508/YnJhbmQ6RnVnYWNhbAieie"},{"id":null,"name":"Fyydes","description":null,"type":null,"itemCount":9,"isSelected":null,"baseSeoURL":"/browse/personal-care/sun-care/fyydes/1005862_1001508/YnJhbmQ6Rnl5ZGVz"},{"id":null,"name":"Global Expedition LLC","description":null,"type":null,"itemCount":9,"isSelected":null,"baseSeoURL":"/browse/personal-care/sun-care/global-expedition-llc/1005862_1001508/YnJhbmQ6R2xvYmFsIEV4cGVkaXRpb24gTExD"},{"id":null,"name":"Gupbes","description":null,"type":null,"itemCount":9,"isSelected":null,"baseSeoURL":"/browse/personal-care/sun-care/gupbes/1005862_1001508/YnJhbmQ6R3VwYmVz"},{"id":null,"name":"Hazel Tech","description":null,"type":null,"itemCount":9,"isSelected":null,"baseSeoURL":"/browse/personal-care/sun-care/hazel-tech/1005862_1001508/YnJhbmQ6SGF6ZWwgVGVjaAieie"},{"id":null,"name":"Innisfree","description":null,"type":null,"itemCount":9,"isSelected":null,"baseSeoURL":"/browse/personal-care/sun-care/innisfree/1005862_1001508/YnJhbmQ6SW5uaXNmcmVl"},{"id":null,"name":"KTNAJOL","description":null,"type":null,"itemCount":9,"isSelected":null,"baseSeoURL":"/browse/personal-care/sun-care/ktnajol/1005862_1001508/YnJhbmQ6S1ROQUpPTAieie"},{"id":null,"name":"Mentholatum","description":null,"type":null,"itemCount":9,"isSelected":null,"baseSeoURL":"/browse/personal-care/sun-care/mentholatum/1005862_1001508/YnJhbmQ6TWVudGhvbGF0dW0ie"},{"id":null,"name":"TOTOKA","description":null,"type":null,"itemCount":9,"isSelected":null,"baseSeoURL":"/browse/personal-care/sun-care/totoka/1005862_1001508/YnJhbmQ6VE9UT0tB"},{"id":null,"name":"Vichy","description":null,"type":null,"itemCount":9,"isSelected":null,"baseSeoURL":"/browse/personal-care/sun-care/vichy/1005862_1001508/YnJhbmQ6VmljaHkie"},{"id":null,"name":"YBenzO Enterprises, LLC","description":null,"type":null,"itemCount":9,"isSelected":null,"baseSeoURL":"/browse/personal-care/sun-care/ybenzo-enterprises-llc/1005862_1001508/YnJhbmQ6WUJlbnpPIEVudGVycHJpc2VzLCBMTEMie"},{"id":null,"name":"yotyukeb","description":null,"type":null,"itemCount":9,"isSelected":null,"baseSeoURL":"/browse/personal-care/sun-care/yotyukeb/1005862_1001508/YnJhbmQ6eW90eXVrZWIie"},{"id":null,"name":"BIOSOLIS","description":null,"type":null,"itemCount":8,"isSelected":null,"baseSeoURL":"/browse/personal-care/sun-care/biosolis/1005862_1001508/YnJhbmQ6QklPU09MSVMie"},{"id":null,"name":"CLE De Peau","description":null,"type":null,"itemCount":8,"isSelected":null,"baseSeoURL":"/browse/personal-care/sun-care/cle-de-peau/1005862_1001508/YnJhbmQ6Q0xFIERlIFBlYXUie"},{"id":null,"name":"Clinique","description":null,"type":null,"itemCount":8,"isSelected":null,"baseSeoURL":"/browse/personal-care/sun-care/clinique/1005862_1001508/YnJhbmQ6Q2xpbmlxdWUie"},{"id":null,"name":"Elaydool","description":null,"type":null,"itemCount":8,"isSelected":null,"baseSeoURL":"/browse/personal-care/sun-care/elaydool/1005862_1001508/YnJhbmQ6RWxheWRvb2wie"},{"id":null,"name":"Elemental Herbs","description":null,"type":null,"itemCount":8,"isSelected":null,"baseSeoURL":"/browse/personal-care/sun-care/elemental-herbs/1005862_1001508/YnJhbmQ6RWxlbWVudGFsIEhlcmJz"},{"id":null,"name":"IMSHIE","description":null,"type":null,"itemCount":8,"isSelected":null,"baseSeoURL":"/browse/personal-care/sun-care/imshie/1005862_1001508/YnJhbmQ6SU1TSElF"},{"id":null,"name":"PXRJE","description":null,"type":null,"itemCount":8,"isSelected":null,"baseSeoURL":"/browse/personal-care/sun-care/pxrje/1005862_1001508/YnJhbmQ6UFhSSkUie"},{"id":null,"name":"Robot-GxG","description":null,"type":null,"itemCount":8,"isSelected":null,"baseSeoURL":"/browse/personal-care/sun-care/robot-gxg/1005862_1001508/YnJhbmQ6Um9iib3QtR3hH"},{"id":null,"name":"lianwany","description":null,"type":null,"itemCount":8,"isSelected":null,"baseSeoURL":"/browse/personal-care/sun-care/lianwany/1005862_1001508/YnJhbmQ6bGlhbndhbnkie"},{"id":null,"name":"All Good","description":null,"type":null,"itemCount":7,"isSelected":null,"baseSeoURL":"/browse/personal-care/sun-care/all-good/1005862_1001508/YnJhbmQ6QWxsIEdvb2Qie"},{"id":null,"name":"Beauty by Earth","description":null,"type":null,"itemCount":7,"isSelected":null,"baseSeoURL":"/browse/personal-care/sun-care/beauty-by-earth/1005862_1001508/YnJhbmQ6QmVhdXR5IGJ5IEVhcnRo"},{"id":null,"name":"Boundless Ability","description":null,"type":null,"itemCount":7,"isSelected":null,"baseSeoURL":"/browse/personal-care/sun-care/boundless-ability/1005862_1001508/YnJhbmQ6Qm91bmRsZXNzIEFiiaWxpdHkie"},{"id":null,"name":"Brown Sugar","description":null,"type":null,"itemCount":7,"isSelected":null,"baseSeoURL":"/browse/personal-care/sun-care/brown-sugar/1005862_1001508/YnJhbmQ6QnJvd24gU3VnYXIie"},{"id":null,"name":"California Baby","description":null,"type":null,"itemCount":7,"isSelected":null,"baseSeoURL":"/browse/personal-care/sun-care/california-baby/1005862_1001508/YnJhbmQ6Q2FsaWZvcm5pYSBCYWJ5"},{"id":null,"name":"Centeraly","description":null,"type":null,"itemCount":7,"isSelected":null,"baseSeoURL":"/browse/personal-care/sun-care/centeraly/1005862_1001508/YnJhbmQ6Q2VudGVyYWx5"},{"id":null,"name":"Cosmedix","description":null,"type":null,"itemCount":7,"isSelected":null,"baseSeoURL":"/browse/personal-care/sun-care/cosmedix/1005862_1001508/YnJhbmQ6Q29zbWVkaXgie"},{"id":null,"name":"Epionce","description":null,"type":null,"itemCount":7,"isSelected":null,"baseSeoURL":"/browse/personal-care/sun-care/epionce/1005862_1001508/YnJhbmQ6RXBpb25jZQieie"},{"id":null,"name":"Estink","description":null,"type":null,"itemCount":7,"isSelected":null,"baseSeoURL":"/browse/personal-care/sun-care/estink/1005862_1001508/YnJhbmQ6RXN0aW5r"},{"id":null,"name":"NEOSTRATA","description":null,"type":null,"itemCount":7,"isSelected":null,"baseSeoURL":"/browse/personal-care/sun-care/neostrata/1005862_1001508/YnJhbmQ6TkVPU1RSQVRB"},{"id":null,"name":"PIX-LINK","description":null,"type":null,"itemCount":7,"isSelected":null,"baseSeoURL":"/browse/personal-care/sun-care/pix-link/1005862_1001508/YnJhbmQ6UElYLUxJTksie"},{"id":null,"name":"Pacifica","description":null,"type":null,"itemCount":7,"isSelected":null,"baseSeoURL":"/browse/personal-care/sun-care/pacifica/1005862_1001508/YnJhbmQ6UGFjaWZpY2Eie"},{"id":null,"name":"Real Aloe","description":null,"type":null,"itemCount":7,"isSelected":null,"baseSeoURL":"/browse/personal-care/sun-care/real-aloe/1005862_1001508/YnJhbmQ6UmVhbCBBbG9l"},{"id":null,"name":"Sonrei","description":null,"type":null,"itemCount":7,"isSelected":null,"baseSeoURL":"/browse/personal-care/sun-care/sonrei/1005862_1001508/YnJhbmQ6U29ucmVp"},{"id":null,"name":"Surface Sunscreen","description":null,"type":null,"itemCount":7,"isSelected":null,"baseSeoURL":"/browse/personal-care/sun-care/surface-sunscreen/1005862_1001508/YnJhbmQ6U3VyZmFjZSBTdW5zY3JlZW4ie"},{"id":null,"name":"TruKid","description":null,"type":null,"itemCount":7,"isSelected":null,"baseSeoURL":"/browse/personal-care/sun-care/trukid/1005862_1001508/YnJhbmQ6VHJ1S2lk"},{"id":null,"name":"Zonghan","description":null,"type":null,"itemCount":7,"isSelected":null,"baseSeoURL":"/browse/personal-care/sun-care/zonghan/1005862_1001508/YnJhbmQ6Wm9uZ2hhbgieie"},{"id":null,"name":"Andalou Naturals","description":null,"type":null,"itemCount":6,"isSelected":null,"baseSeoURL":"/browse/personal-care/sun-care/andalou-naturals/1005862_1001508/YnJhbmQ6QW5kYWxvdSBOYXR1cmFscwieie"},{"id":null,"name":"BRONZO SENSUALE","description":null,"type":null,"itemCount":6,"isSelected":null,"baseSeoURL":"/browse/personal-care/sun-care/bronzo-sensuale/1005862_1001508/YnJhbmQ6QlJPTlpPIFNFTlNVQUxF"},{"id":null,"name":"Believable Products","description":null,"type":null,"itemCount":6,"isSelected":null,"baseSeoURL":"/browse/personal-care/sun-care/believable-products/1005862_1001508/YnJhbmQ6QmVsaWV2YWJsZSBQcm9kdWN0cwieie"},{"id":null,"name":"Bestope","description":null,"type":null,"itemCount":6,"isSelected":null,"baseSeoURL":"/browse/personal-care/sun-care/bestope/1005862_1001508/YnJhbmQ6QmVzdG9wZQieie"},{"id":null,"name":"Brilliant Skin Essentials","description":null,"type":null,"itemCount":6,"isSelected":null,"baseSeoURL":"/browse/personal-care/sun-care/brilliant-skin-essentials/1005862_1001508/YnJhbmQ6QnJpbGxpYW50IFNraW4gRXNzZW50aWFscwieie"},{"id":null,"name":"Brush on Block","description":null,"type":null,"itemCount":6,"isSelected":null,"baseSeoURL":"/browse/personal-care/sun-care/brush-on-block/1005862_1001508/YnJhbmQ6QnJ1c2ggb24gQmxvY2sie"},{"id":null,"name":"Daylong","description":null,"type":null,"itemCount":6,"isSelected":null,"baseSeoURL":"/browse/personal-care/sun-care/daylong/1005862_1001508/YnJhbmQ6RGF5bG9uZwieie"},{"id":null,"name":"Deesse","description":null,"type":null,"itemCount":6,"isSelected":null,"baseSeoURL":"/browse/personal-care/sun-care/deesse/1005862_1001508/YnJhbmQ6RGVlc3Nl"},{"id":null,"name":"Ed Hardy","description":null,"type":null,"itemCount":6,"isSelected":null,"baseSeoURL":"/browse/personal-care/sun-care/ed-hardy/1005862_1001508/YnJhbmQ6RWQgSGFyZHkie"},{"id":null,"name":"Eotvia","description":null,"type":null,"itemCount":6,"isSelected":null,"baseSeoURL":"/browse/personal-care/sun-care/eotvia/1005862_1001508/YnJhbmQ6RW90dmlh"},{"id":null,"name":"Flameer","description":null,"type":null,"itemCount":6,"isSelected":null,"baseSeoURL":"/browse/personal-care/sun-care/flameer/1005862_1001508/YnJhbmQ6RmxhbWVlcgieie"},{"id":null,"name":"Higoodz","description":null,"type":null,"itemCount":6,"isSelected":null,"baseSeoURL":"/browse/personal-care/sun-care/higoodz/1005862_1001508/YnJhbmQ6SGlnb29kegieie"},{"id":null,"name":"Hollister","description":null,"type":null,"itemCount":6,"isSelected":null,"baseSeoURL":"/browse/personal-care/sun-care/hollister/1005862_1001508/YnJhbmQ6SG9sbGlzdGVy"},{"id":null,"name":"M.A.D Skincare","description":null,"type":null,"itemCount":6,"isSelected":null,"baseSeoURL":"/browse/personal-care/sun-care/m-a-d-skincare/1005862_1001508/YnJhbmQ6TS5BLkQgU2tpbmNhcmUie"},{"id":null,"name":"Max Block","description":null,"type":null,"itemCount":6,"isSelected":null,"baseSeoURL":"/browse/personal-care/sun-care/max-block/1005862_1001508/YnJhbmQ6TWF4IEJsb2Nr"},{"id":null,"name":"Mineral Fusion","description":null,"type":null,"itemCount":6,"isSelected":null,"baseSeoURL":"/browse/personal-care/sun-care/mineral-fusion/1005862_1001508/YnJhbmQ6TWluZXJhbCBGdXNpb24ie"},{"id":null,"name":"NOGIS","description":null,"type":null,"itemCount":6,"isSelected":null,"baseSeoURL":"/browse/personal-care/sun-care/nogis/1005862_1001508/YnJhbmQ6Tk9HSVMie"},{"id":null,"name":"NewWay","description":null,"type":null,"itemCount":6,"isSelected":null,"baseSeoURL":"/browse/personal-care/sun-care/newway/1005862_1001508/YnJhbmQ6TmV3V2F5"},{"id":null,"name":"Octpeak","description":null,"type":null,"itemCount":6,"isSelected":null,"baseSeoURL":"/browse/personal-care/sun-care/octpeak/1005862_1001508/YnJhbmQ6T2N0cGVhawieie"},{"id":null,"name":"PIXCAST","description":null,"type":null,"itemCount":6,"isSelected":null,"baseSeoURL":"/browse/personal-care/sun-care/pixcast/1005862_1001508/YnJhbmQ6UElYQ0FTVAieie"},{"id":null,"name":"Peter Thomas Roth","description":null,"type":null,"itemCount":6,"isSelected":null,"baseSeoURL":"/browse/personal-care/sun-care/peter-thomas-roth/1005862_1001508/YnJhbmQ6UGV0ZXIgVGhvbWFzIFJvdGgie"},{"id":null,"name":"Raw Elements","description":null,"type":null,"itemCount":6,"isSelected":null,"baseSeoURL":"/browse/personal-care/sun-care/raw-elements/1005862_1001508/YnJhbmQ6UmF3IEVsZW1lbnRz"},{"id":null,"name":"Selfie","description":null,"type":null,"itemCount":6,"isSelected":null,"baseSeoURL":"/browse/personal-care/sun-care/selfie/1005862_1001508/YnJhbmQ6U2VsZmll"},{"id":null,"name":"Slopehill","description":null,"type":null,"itemCount":6,"isSelected":null,"baseSeoURL":"/browse/personal-care/sun-care/slopehill/1005862_1001508/YnJhbmQ6U2xvcGVoaWxs"},{"id":null,"name":"SunX","description":null,"type":null,"itemCount":6,"isSelected":null,"baseSeoURL":"/browse/personal-care/sun-care/sunx/1005862_1001508/YnJhbmQ6U3VuWAieie"},{"id":null,"name":"Supre Tan","description":null,"type":null,"itemCount":6,"isSelected":null,"baseSeoURL":"/browse/personal-care/sun-care/supre-tan/1005862_1001508/YnJhbmQ6U3VwcmUgVGFu"},{"id":null,"name":"Tan Incorporated","description":null,"type":null,"itemCount":6,"isSelected":null,"baseSeoURL":"/browse/personal-care/sun-care/tan-incorporated/1005862_1001508/YnJhbmQ6VGFuIEluY29ycG9yYXRlZAieie"},{"id":null,"name":"Tan-Luxe","description":null,"type":null,"itemCount":6,"isSelected":null,"baseSeoURL":"/browse/personal-care/sun-care/tan-luxe/1005862_1001508/YnJhbmQ6VGFuLUx1eGUie"},{"id":null,"name":"Tawohi","description":null,"type":null,"itemCount":6,"isSelected":null,"baseSeoURL":"/browse/personal-care/sun-care/tawohi/1005862_1001508/YnJhbmQ6VGF3b2hp"},{"id":null,"name":"pakewalm","description":null,"type":null,"itemCount":6,"isSelected":null,"baseSeoURL":"/browse/personal-care/sun-care/pakewalm/1005862_1001508/YnJhbmQ6cGFrZXdhbG0ie"},{"id":null,"name":"ARMELLE","description":null,"type":null,"itemCount":5,"isSelected":null,"baseSeoURL":"/browse/personal-care/sun-care/armelle/1005862_1001508/YnJhbmQ6QVJNRUxMRQieie"},{"id":null,"name":"ATTITUDE","description":null,"type":null,"itemCount":5,"isSelected":null,"baseSeoURL":"/browse/personal-care/sun-care/attitude/1005862_1001508/YnJhbmQ6QVRUSVRVREUie"},{"id":null,"name":"BRANDED","description":null,"type":null,"itemCount":5,"isSelected":null,"baseSeoURL":"/browse/personal-care/sun-care/branded/1005862_1001508/YnJhbmQ6QlJBTkRFRAieie"},{"id":null,"name":"BSMEAN","description":null,"type":null,"itemCount":5,"isSelected":null,"baseSeoURL":"/browse/personal-care/sun-care/bsmean/1005862_1001508/YnJhbmQ6QlNNRUFO"},{"id":null,"name":"Bali Body","description":null,"type":null,"itemCount":5,"isSelected":null,"baseSeoURL":"/browse/personal-care/sun-care/bali-body/1005862_1001508/YnJhbmQ6QmFsaSBCb2R5"},{"id":null,"name":"Bayarde Services","description":null,"type":null,"itemCount":5,"isSelected":null,"baseSeoURL":"/browse/personal-care/sun-care/bayarde-services/1005862_1001508/YnJhbmQ6QmF5YXJkZSBTZXJ2aWNlcwieie"},{"id":null,"name":"Brett BSR HOME DECOR Walmart","description":null,"type":null,"itemCount":5,"isSelected":null,"baseSeoURL":"/browse/personal-care/sun-care/brett-bsr-home-decor-walmart/1005862_1001508/YnJhbmQ6QnJldHQgQlNSIEhPTUUgREVDT1IgV2FsbWFydAieie"},{"id":null,"name":"ChainPlus","description":null,"type":null,"itemCount":5,"isSelected":null,"baseSeoURL":"/browse/personal-care/sun-care/chainplus/1005862_1001508/YnJhbmQ6Q2hhaW5QbHVz"},{"id":null,"name":"Chameleon Cold-Brew","description":null,"type":null,"itemCount":5,"isSelected":null,"baseSeoURL":"/browse/personal-care/sun-care/chameleon-cold-brew/1005862_1001508/YnJhbmQ6Q2hhbWVsZW9uIENvbGQtQnJldwieie"},{"id":null,"name":"ESHOO","description":null,"type":null,"itemCount":5,"isSelected":null,"baseSeoURL":"/browse/personal-care/sun-care/eshoo/1005862_1001508/YnJhbmQ6RVNIT08ie"},{"id":null,"name":"Epicuren","description":null,"type":null,"itemCount":5,"isSelected":null,"baseSeoURL":"/browse/personal-care/sun-care/epicuren/1005862_1001508/YnJhbmQ6RXBpY3VyZW4ie"},{"id":null,"name":"Etude House","description":null,"type":null,"itemCount":5,"isSelected":null,"baseSeoURL":"/browse/personal-care/sun-care/etude-house/1005862_1001508/YnJhbmQ6RXR1ZGUgSG91c2Uie"},{"id":null,"name":"Exuviance","description":null,"type":null,"itemCount":5,"isSelected":null,"baseSeoURL":"/browse/personal-care/sun-care/exuviance/1005862_1001508/YnJhbmQ6RXh1dmlhbmNl"},{"id":null,"name":"Fake Bake","description":null,"type":null,"itemCount":5,"isSelected":null,"baseSeoURL":"/browse/personal-care/sun-care/fake-bake/1005862_1001508/YnJhbmQ6RmFrZSBCYWtl"},{"id":null,"name":"Grey Ghost Gear","description":null,"type":null,"itemCount":5,"isSelected":null,"baseSeoURL":"/browse/personal-care/sun-care/grey-ghost-gear/1005862_1001508/YnJhbmQ6R3JleSBHaG9zdCBHZWFy"},{"id":null,"name":"Jane Iredale","description":null,"type":null,"itemCount":5,"isSelected":null,"baseSeoURL":"/browse/personal-care/sun-care/jane-iredale/1005862_1001508/YnJhbmQ6SmFuZSBJcmVkYWxl"},{"id":null,"name":"Johnson \u0026 Johnson","description":null,"type":null,"itemCount":5,"isSelected":null,"baseSeoURL":"/browse/personal-care/sun-care/johnson-johnson/1005862_1001508/YnJhbmQ6Sm9obnNvbiiAmIEpvaG5zb24ie"},{"id":null,"name":"Jooan","description":null,"type":null,"itemCount":5,"isSelected":null,"baseSeoURL":"/browse/personal-care/sun-care/jooan/1005862_1001508/YnJhbmQ6Sm9vYW4ie"},{"id":null,"name":"Kiss My Face","description":null,"type":null,"itemCount":5,"isSelected":null,"baseSeoURL":"/browse/personal-care/sun-care/kiss-my-face/1005862_1001508/YnJhbmQ6S2lzcyBNeSBGYWNl"},{"id":null,"name":"Knifun","description":null,"type":null,"itemCount":5,"isSelected":null,"baseSeoURL":"/browse/personal-care/sun-care/knifun/1005862_1001508/YnJhbmQ6S25pZnVu"},{"id":null,"name":"LHCER","description":null,"type":null,"itemCount":5,"isSelected":null,"baseSeoURL":"/browse/personal-care/sun-care/lhcer/1005862_1001508/YnJhbmQ6TEhDRVIie"},{"id":null,"name":"Lancaster","description":null,"type":null,"itemCount":5,"isSelected":null,"baseSeoURL":"/browse/personal-care/sun-care/lancaster/1005862_1001508/YnJhbmQ6TGFuY2FzdGVy"},{"id":null,"name":"Leader","description":null,"type":null,"itemCount":5,"isSelected":null,"baseSeoURL":"/browse/personal-care/sun-care/leader/1005862_1001508/YnJhbmQ6TGVhZGVy"},{"id":null,"name":"Maui Island Secret","description":null,"type":null,"itemCount":5,"isSelected":null,"baseSeoURL":"/browse/personal-care/sun-care/maui-island-secret/1005862_1001508/YnJhbmQ6TWF1aSBJc2xhbmQgU2VjcmV0"},{"id":null,"name":"Most","description":null,"type":null,"itemCount":5,"isSelected":null,"baseSeoURL":"/browse/personal-care/sun-care/most/1005862_1001508/YnJhbmQ6TW9zdAieie"},{"id":null,"name":"MyChelle","description":null,"type":null,"itemCount":5,"isSelected":null,"baseSeoURL":"/browse/personal-care/sun-care/mychelle/1005862_1001508/YnJhbmQ6TXlDaGVsbGUie"},{"id":null,"name":"NIVEA","description":null,"type":null,"itemCount":5,"isSelected":null,"baseSeoURL":"/browse/personal-care/sun-care/nivea/1005862_1001508/YnJhbmQ6TklWRUEie"},{"id":null,"name":"Naked Sun","description":null,"type":null,"itemCount":5,"isSelected":null,"baseSeoURL":"/browse/personal-care/sun-care/naked-sun/1005862_1001508/YnJhbmQ6TmFrZWQgU3Vu"},{"id":null,"name":"PREP","description":null,"type":null,"itemCount":5,"isSelected":null,"baseSeoURL":"/browse/personal-care/sun-care/prep/1005862_1001508/YnJhbmQ6UFJFUAieie"},{"id":null,"name":"Pipette","description":null,"type":null,"itemCount":5,"isSelected":null,"baseSeoURL":"/browse/personal-care/sun-care/pipette/1005862_1001508/YnJhbmQ6UGlwZXR0ZQieie"},{"id":null,"name":"ProTan","description":null,"type":null,"itemCount":5,"isSelected":null,"baseSeoURL":"/browse/personal-care/sun-care/protan/1005862_1001508/YnJhbmQ6UHJvVGFu"},{"id":null,"name":"Rosemira","description":null,"type":null,"itemCount":5,"isSelected":null,"baseSeoURL":"/browse/personal-care/sun-care/rosemira/1005862_1001508/YnJhbmQ6Um9zZW1pcmEie"},{"id":null,"name":"SPF Rx","description":null,"type":null,"itemCount":5,"isSelected":null,"baseSeoURL":"/browse/personal-care/sun-care/spf-rx/1005862_1001508/YnJhbmQ6U1BGIFJ4"},{"id":null,"name":"SVR","description":null,"type":null,"itemCount":5,"isSelected":null,"baseSeoURL":"/browse/personal-care/sun-care/svr/1005862_1001508/YnJhbmQ6U1ZS"},{"id":null,"name":"Stibadium","description":null,"type":null,"itemCount":5,"isSelected":null,"baseSeoURL":"/browse/personal-care/sun-care/stibadium/1005862_1001508/YnJhbmQ6U3RpYmFkaXVt"},{"id":null,"name":"Sun Laboratories","description":null,"type":null,"itemCount":5,"isSelected":null,"baseSeoURL":"/browse/personal-care/sun-care/sun-laboratories/1005862_1001508/YnJhbmQ6U3VuIExhYm9yYXRvcmllcwieie"},{"id":null,"name":"TANGNADE","description":null,"type":null,"itemCount":5,"isSelected":null,"baseSeoURL":"/browse/personal-care/sun-care/tangnade/1005862_1001508/YnJhbmQ6VEFOR05BREUie"},{"id":null,"name":"TOPWONER","description":null,"type":null,"itemCount":5,"isSelected":null,"baseSeoURL":"/browse/personal-care/sun-care/topwoner/1005862_1001508/YnJhbmQ6VE9QV09ORVIie"},{"id":null,"name":"Tan Asz U","description":null,"type":null,"itemCount":5,"isSelected":null,"baseSeoURL":"/browse/personal-care/sun-care/tan-asz-u/1005862_1001508/YnJhbmQ6VGFuIEFzeiiBV"},{"id":null,"name":"Tebru","description":null,"type":null,"itemCount":5,"isSelected":null,"baseSeoURL":"/browse/personal-care/sun-care/tebru/1005862_1001508/YnJhbmQ6VGViicnUie"},{"id":null,"name":"iS CLINICAL","description":null,"type":null,"itemCount":5,"isSelected":null,"baseSeoURL":"/browse/personal-care/sun-care/is-clinical/1005862_1001508/YnJhbmQ6aVMgQ0xJTklDQUwie"},{"id":null,"name":"suidie","description":null,"type":null,"itemCount":5,"isSelected":null,"baseSeoURL":"/browse/personal-care/sun-care/suidie/1005862_1001508/YnJhbmQ6c3VpZGll"},{"id":null,"name":"Abcelit","description":null,"type":null,"itemCount":4,"isSelected":null,"baseSeoURL":"/browse/personal-care/sun-care/abcelit/1005862_1001508/YnJhbmQ6QWJjZWxpdAieie"},{"id":null,"name":"Adcos Dermocosmtico","description":null,"type":null,"itemCount":4,"isSelected":null,"baseSeoURL":"/browse/personal-care/sun-care/adcos-dermocosmtico/1005862_1001508/YnJhbmQ6QWRjb3MgRGVybW9jb3NtdGljbwieie"},{"id":null,"name":"Ardorlove","description":null,"type":null,"itemCount":4,"isSelected":null,"baseSeoURL":"/browse/personal-care/sun-care/ardorlove/1005862_1001508/YnJhbmQ6QXJkb3Jsb3Zl"},{"id":null,"name":"Badger","description":null,"type":null,"itemCount":4,"isSelected":null,"baseSeoURL":"/browse/personal-care/sun-care/badger/1005862_1001508/YnJhbmQ6QmFkZ2Vy"},{"id":null,"name":"Ccdes","description":null,"type":null,"itemCount":4,"isSelected":null,"baseSeoURL":"/browse/personal-care/sun-care/ccdes/1005862_1001508/YnJhbmQ6Q2NkZXMie"},{"id":null,"name":"Coola","description":null,"type":null,"itemCount":4,"isSelected":null,"baseSeoURL":"/browse/personal-care/sun-care/coola/1005862_1001508/YnJhbmQ6Q29vbGEie"},{"id":null,"name":"Daciye","description":null,"type":null,"itemCount":4,"isSelected":null,"baseSeoURL":"/browse/personal-care/sun-care/daciye/1005862_1001508/YnJhbmQ6RGFjaXll"},{"id":null,"name":"EDA TASPINAR","description":null,"type":null,"itemCount":4,"isSelected":null,"baseSeoURL":"/browse/personal-care/sun-care/eda-taspinar/1005862_1001508/YnJhbmQ6RURBIFRBU1BJTkFS"},{"id":null,"name":"Earth Mama","description":null,"type":null,"itemCount":4,"isSelected":null,"baseSeoURL":"/browse/personal-care/sun-care/earth-mama/1005862_1001508/YnJhbmQ6RWFydGggTWFtYQieie"},{"id":null,"name":"EleaEleanor","description":null,"type":null,"itemCount":4,"isSelected":null,"baseSeoURL":"/browse/personal-care/sun-care/eleaeleanor/1005862_1001508/YnJhbmQ6RWxlYUVsZWFub3Iie"},{"id":null,"name":"Elizabeth Arden","description":null,"type":null,"itemCount":4,"isSelected":null,"baseSeoURL":"/browse/personal-care/sun-care/elizabeth-arden/1005862_1001508/YnJhbmQ6RWxpemFiiZXRoIEFyZGVu"},{"id":null,"name":"Ergodyne","description":null,"type":null,"itemCount":4,"isSelected":null,"baseSeoURL":"/browse/personal-care/sun-care/ergodyne/1005862_1001508/YnJhbmQ6RXJnb2R5bmUie"},{"id":null,"name":"Farmasi","description":null,"type":null,"itemCount":4,"isSelected":null,"baseSeoURL":"/browse/personal-care/sun-care/farmasi/1005862_1001508/YnJhbmQ6RmFybWFzaQieie"},{"id":null,"name":"Fixation","description":null,"type":null,"itemCount":4,"isSelected":null,"baseSeoURL":"/browse/personal-care/sun-care/fixation/1005862_1001508/YnJhbmQ6Rml4YXRpb24ie"},{"id":null,"name":"Fragluxe","description":null,"type":null,"itemCount":4,"isSelected":null,"baseSeoURL":"/browse/personal-care/sun-care/fragluxe/1005862_1001508/YnJhbmQ6RnJhZ2x1eGUie"},{"id":null,"name":"Hawaiian Blend","description":null,"type":null,"itemCount":4,"isSelected":null,"baseSeoURL":"/browse/personal-care/sun-care/hawaiian-blend/1005862_1001508/YnJhbmQ6SGF3YWlpYW4gQmxlbmQie"},{"id":null,"name":"Hempz","description":null,"type":null,"itemCount":4,"isSelected":null,"baseSeoURL":"/browse/personal-care/sun-care/hempz/1005862_1001508/YnJhbmQ6SGVtcHoie"},{"id":null,"name":"Industrial Sunscreen","description":null,"type":null,"itemCount":4,"isSelected":null,"baseSeoURL":"/browse/personal-care/sun-care/industrial-sunscreen/1005862_1001508/YnJhbmQ6SW5kdXN0cmlhbCBTdW5zY3JlZW4ie"},{"id":null,"name":"JMsolution","description":null,"type":null,"itemCount":4,"isSelected":null,"baseSeoURL":"/browse/personal-care/sun-care/jmsolution/1005862_1001508/YnJhbmQ6Sk1zb2x1dGlvbgieie"},{"id":null,"name":"Khall","description":null,"type":null,"itemCount":4,"isSelected":null,"baseSeoURL":"/browse/personal-care/sun-care/khall/1005862_1001508/YnJhbmQ6S2hhbGwie"},{"id":null,"name":"Ldyso","description":null,"type":null,"itemCount":4,"isSelected":null,"baseSeoURL":"/browse/personal-care/sun-care/ldyso/1005862_1001508/YnJhbmQ6TGR5c28ie"},{"id":null,"name":"Lucyflower","description":null,"type":null,"itemCount":4,"isSelected":null,"baseSeoURL":"/browse/personal-care/sun-care/lucyflower/1005862_1001508/YnJhbmQ6THVjeWZsb3dlcgieie"},{"id":null,"name":"Maui Vera","description":null,"type":null,"itemCount":4,"isSelected":null,"baseSeoURL":"/browse/personal-care/sun-care/maui-vera/1005862_1001508/YnJhbmQ6TWF1aSBWZXJh"},{"id":null,"name":"Millennium Tanning","description":null,"type":null,"itemCount":4,"isSelected":null,"baseSeoURL":"/browse/personal-care/sun-care/millennium-tanning/1005862_1001508/YnJhbmQ6TWlsbGVubml1bSBUYW5uaW5n"},{"id":null,"name":"Miracle of Aloe","description":null,"type":null,"itemCount":4,"isSelected":null,"baseSeoURL":"/browse/personal-care/sun-care/miracle-of-aloe/1005862_1001508/YnJhbmQ6TWlyYWNsZSBvZiiBBbG9l"},{"id":null,"name":"Original Sprout","description":null,"type":null,"itemCount":4,"isSelected":null,"baseSeoURL":"/browse/personal-care/sun-care/original-sprout/1005862_1001508/YnJhbmQ6T3JpZ2luYWwgU3Byb3V0"},{"id":null,"name":"PCA Skin","description":null,"type":null,"itemCount":4,"isSelected":null,"baseSeoURL":"/browse/personal-care/sun-care/pca-skin/1005862_1001508/YnJhbmQ6UENBIFNraW4ie"},{"id":null,"name":"Ryth","description":null,"type":null,"itemCount":4,"isSelected":null,"baseSeoURL":"/browse/personal-care/sun-care/ryth/1005862_1001508/YnJhbmQ6Unl0aAieie"},{"id":null,"name":"SALT \u0026 STONE","description":null,"type":null,"itemCount":4,"isSelected":null,"baseSeoURL":"/browse/personal-care/sun-care/salt-stone/1005862_1001508/YnJhbmQ6U0FMVCAmIFNUT05F"},{"id":null,"name":"SUR Clean Skincare","description":null,"type":null,"itemCount":4,"isSelected":null,"baseSeoURL":"/browse/personal-care/sun-care/sur-clean-skincare/1005862_1001508/YnJhbmQ6U1VSIENsZWFuIFNraW5jYXJl"},{"id":null,"name":"Shakven","description":null,"type":null,"itemCount":4,"isSelected":null,"baseSeoURL":"/browse/personal-care/sun-care/shakven/1005862_1001508/YnJhbmQ6U2hha3Zlbgieie"},{"id":null,"name":"Solarcaine","description":null,"type":null,"itemCount":4,"isSelected":null,"baseSeoURL":"/browse/personal-care/sun-care/solarcaine/1005862_1001508/YnJhbmQ6U29sYXJjYWluZQieie"},{"id":null,"name":"SoleilBiafine","description":null,"type":null,"itemCount":4,"isSelected":null,"baseSeoURL":"/browse/personal-care/sun-care/soleilbiafine/1005862_1001508/YnJhbmQ6U29sZWlsQmlhZmluZQieie"},{"id":null,"name":"Solscents","description":null,"type":null,"itemCount":4,"isSelected":null,"baseSeoURL":"/browse/personal-care/sun-care/solscents/1005862_1001508/YnJhbmQ6U29sc2NlbnRz"},{"id":null,"name":"Sothys","description":null,"type":null,"itemCount":4,"isSelected":null,"baseSeoURL":"/browse/personal-care/sun-care/sothys/1005862_1001508/YnJhbmQ6U290aHlz"},{"id":null,"name":"Supre","description":null,"type":null,"itemCount":4,"isSelected":null,"baseSeoURL":"/browse/personal-care/sun-care/supre/1005862_1001508/YnJhbmQ6U3VwcmUie"},{"id":null,"name":"Tropical Seas","description":null,"type":null,"itemCount":4,"isSelected":null,"baseSeoURL":"/browse/personal-care/sun-care/tropical-seas/1005862_1001508/YnJhbmQ6VHJvcGljYWwgU2Vhcwieie"},{"id":null,"name":"Velocity","description":null,"type":null,"itemCount":4,"isSelected":null,"baseSeoURL":"/browse/personal-care/sun-care/velocity/1005862_1001508/YnJhbmQ6VmVsb2NpdHkie"},{"id":null,"name":"Waxhead Sun Defense","description":null,"type":null,"itemCount":4,"isSelected":null,"baseSeoURL":"/browse/personal-care/sun-care/waxhead-sun-defense/1005862_1001508/YnJhbmQ6V2F4aGVhZCBTdW4gRGVmZW5zZQieie"},{"id":null,"name":"XDian","description":null,"type":null,"itemCount":4,"isSelected":null,"baseSeoURL":"/browse/personal-care/sun-care/xdian/1005862_1001508/YnJhbmQ6WERpYW4ie"},{"id":null,"name":"Xinhuaya","description":null,"type":null,"itemCount":4,"isSelected":null,"baseSeoURL":"/browse/personal-care/sun-care/xinhuaya/1005862_1001508/YnJhbmQ6WGluaHVheWEie"},{"id":null,"name":"YLSHRF","description":null,"type":null,"itemCount":4,"isSelected":null,"baseSeoURL":"/browse/personal-care/sun-care/ylshrf/1005862_1001508/YnJhbmQ6WUxTSFJG"},{"id":null,"name":"dido","description":null,"type":null,"itemCount":4,"isSelected":null,"baseSeoURL":"/browse/personal-care/sun-care/dido/1005862_1001508/YnJhbmQ6ZGlkbwieie"},{"id":null,"name":"zuoshini","description":null,"type":null,"itemCount":4,"isSelected":null,"baseSeoURL":"/browse/personal-care/sun-care/zuoshini/1005862_1001508/YnJhbmQ6enVvc2hpbmkie"},{"id":null,"name":"ANESSA","description":null,"type":null,"itemCount":3,"isSelected":null,"baseSeoURL":null},{"id":null,"name":"Agadir","description":null,"type":null,"itemCount":3,"isSelected":null,"baseSeoURL":null},{"id":null,"name":"Aloe Up","description":null,"type":null,"itemCount":3,"isSelected":null,"baseSeoURL":null},{"id":null,"name":"Alvage","description":null,"type":null,"itemCount":3,"isSelected":null,"baseSeoURL":null},{"id":null,"name":"ArtNaturals","description":null,"type":null,"itemCount":3,"isSelected":null,"baseSeoURL":null},{"id":null,"name":"Auqosetra","description":null,"type":null,"itemCount":3,"isSelected":null,"baseSeoURL":null},{"id":null,"name":"Avon","description":null,"type":null,"itemCount":3,"isSelected":null,"baseSeoURL":null},{"id":null,"name":"Baoblaze","description":null,"type":null,"itemCount":3,"isSelected":null,"baseSeoURL":null},{"id":null,"name":"BareMinerals","description":null,"type":null,"itemCount":3,"isSelected":null,"baseSeoURL":null},{"id":null,"name":"Belo","description":null,"type":null,"itemCount":3,"isSelected":null,"baseSeoURL":null},{"id":null,"name":"Body Sunscreens","description":null,"type":null,"itemCount":3,"isSelected":null,"baseSeoURL":null},{"id":null,"name":"CNMF","description":null,"type":null,"itemCount":3,"isSelected":null,"baseSeoURL":null},{"id":null,"name":"Careslong","description":null,"type":null,"itemCount":3,"isSelected":null,"baseSeoURL":null},{"id":null,"name":"Caribbean Sol","description":null,"type":null,"itemCount":3,"isSelected":null,"baseSeoURL":null},{"id":null,"name":"Cien","description":null,"type":null,"itemCount":3,"isSelected":null,"baseSeoURL":null},{"id":null,"name":"Clean Beauty by AnaK","description":null,"type":null,"itemCount":3,"isSelected":null,"baseSeoURL":null},{"id":null,"name":"CoolNES","description":null,"type":null,"itemCount":3,"isSelected":null,"baseSeoURL":null},{"id":null,"name":"Coral Safe","description":null,"type":null,"itemCount":3,"isSelected":null,"baseSeoURL":null},{"id":null,"name":"Cotton Candy","description":null,"type":null,"itemCount":3,"isSelected":null,"baseSeoURL":null},{"id":null,"name":"Cotz","description":null,"type":null,"itemCount":3,"isSelected":null,"baseSeoURL":null},{"id":null,"name":"Denpetec","description":null,"type":null,"itemCount":3,"isSelected":null,"baseSeoURL":null},{"id":null,"name":"Dermatone","description":null,"type":null,"itemCount":3,"isSelected":null,"baseSeoURL":null},{"id":null,"name":"Designer Skin","description":null,"type":null,"itemCount":3,"isSelected":null,"baseSeoURL":null},{"id":null,"name":"Divine Derriere","description":null,"type":null,"itemCount":3,"isSelected":null,"baseSeoURL":null},{"id":null,"name":"Dr. Jart+","description":null,"type":null,"itemCount":3,"isSelected":null,"baseSeoURL":null},{"id":null,"name":"Egmy","description":null,"type":null,"itemCount":3,"isSelected":null,"baseSeoURL":null},{"id":null,"name":"Eminence Organic Skin Care","description":null,"type":null,"itemCount":3,"isSelected":null,"baseSeoURL":null},{"id":null,"name":"Etoshopy","description":null,"type":null,"itemCount":3,"isSelected":null,"baseSeoURL":null},{"id":null,"name":"Famyfamy","description":null,"type":null,"itemCount":3,"isSelected":null,"baseSeoURL":null},{"id":null,"name":"Fiesta Sun","description":null,"type":null,"itemCount":3,"isSelected":null,"baseSeoURL":null},{"id":null,"name":"Forever Living","description":null,"type":null,"itemCount":3,"isSelected":null,"baseSeoURL":null},{"id":null,"name":"Gear GO","description":null,"type":null,"itemCount":3,"isSelected":null,"baseSeoURL":null},{"id":null,"name":"Get Into The Limelight","description":null,"type":null,"itemCount":3,"isSelected":null,"baseSeoURL":null},{"id":null,"name":"Giesee SUN Tanning Products By Sleekshop Hair","description":null,"type":null,"itemCount":3,"isSelected":null,"baseSeoURL":null},{"id":null,"name":"Glo Skin Beauty","description":null,"type":null,"itemCount":3,"isSelected":null,"baseSeoURL":null},{"id":null,"name":"GlyMed Plus","description":null,"type":null,"itemCount":3,"isSelected":null,"baseSeoURL":null},{"id":null,"name":"GoFJ","description":null,"type":null,"itemCount":3,"isSelected":null,"baseSeoURL":null},{"id":null,"name":"Heimish","description":null,"type":null,"itemCount":3,"isSelected":null,"baseSeoURL":null},{"id":null,"name":"Heitign","description":null,"type":null,"itemCount":3,"isSelected":null,"baseSeoURL":null},{"id":null,"name":"Immoral Tanning Lotion","description":null,"type":null,"itemCount":3,"isSelected":null,"baseSeoURL":null},{"id":null,"name":"Istituto Ganassini","description":null,"type":null,"itemCount":3,"isSelected":null,"baseSeoURL":null},{"id":null,"name":"JASON Natural Products","description":null,"type":null,"itemCount":3,"isSelected":null,"baseSeoURL":null},{"id":null,"name":"JPGIF","description":null,"type":null,"itemCount":3,"isSelected":null,"baseSeoURL":null},{"id":null,"name":"Jack Black","description":null,"type":null,"itemCount":3,"isSelected":null,"baseSeoURL":null},{"id":null,"name":"Jason","description":null,"type":null,"itemCount":3,"isSelected":null,"baseSeoURL":null},{"id":null,"name":"Julam","description":null,"type":null,"itemCount":3,"isSelected":null,"baseSeoURL":null},{"id":null,"name":"Just Nutritive","description":null,"type":null,"itemCount":3,"isSelected":null,"baseSeoURL":null},{"id":null,"name":"Kernelly","description":null,"type":null,"itemCount":3,"isSelected":null,"baseSeoURL":null},{"id":null,"name":"Le Mieux","description":null,"type":null,"itemCount":3,"isSelected":null,"baseSeoURL":null},{"id":null,"name":"Lishan","description":null,"type":null,"itemCount":3,"isSelected":null,"baseSeoURL":null},{"id":null,"name":"Lmlly","description":null,"type":null,"itemCount":3,"isSelected":null,"baseSeoURL":null},{"id":null,"name":"MINOCOOL","description":null,"type":null,"itemCount":3,"isSelected":null,"baseSeoURL":null},{"id":null,"name":"Mavis Laven","description":null,"type":null,"itemCount":3,"isSelected":null,"baseSeoURL":null},{"id":null,"name":"Maybelline","description":null,"type":null,"itemCount":3,"isSelected":null,"baseSeoURL":null},{"id":null,"name":"Meitianfacai","description":null,"type":null,"itemCount":3,"isSelected":null,"baseSeoURL":null},{"id":null,"name":"Moroccanoil","description":null,"type":null,"itemCount":3,"isSelected":null,"baseSeoURL":null},{"id":null,"name":"Navajo","description":null,"type":null,"itemCount":3,"isSelected":null,"baseSeoURL":null},{"id":null,"name":"Osmosis","description":null,"type":null,"itemCount":3,"isSelected":null,"baseSeoURL":null},{"id":null,"name":"PersonalhomeD","description":null,"type":null,"itemCount":3,"isSelected":null,"baseSeoURL":null},{"id":null,"name":"Phifer","description":null,"type":null,"itemCount":3,"isSelected":null,"baseSeoURL":null},{"id":null,"name":"Physicians Formula","description":null,"type":null,"itemCount":3,"isSelected":null,"baseSeoURL":null},{"id":null,"name":"Qinghai","description":null,"type":null,"itemCount":3,"isSelected":null,"baseSeoURL":null},{"id":null,"name":"Reef Safe Sun","description":null,"type":null,"itemCount":3,"isSelected":null,"baseSeoURL":null},{"id":null,"name":"SM SunniMix","description":null,"type":null,"itemCount":3,"isSelected":null,"baseSeoURL":null},{"id":null,"name":"SUPERHOMUSE","description":null,"type":null,"itemCount":3,"isSelected":null,"baseSeoURL":null},{"id":null,"name":"Sea Kind","description":null,"type":null,"itemCount":3,"isSelected":null,"baseSeoURL":null},{"id":null,"name":"Sisley","description":null,"type":null,"itemCount":3,"isSelected":null,"baseSeoURL":null},{"id":null,"name":"Skin Actives Scientific","description":null,"type":null,"itemCount":3,"isSelected":null,"baseSeoURL":null},{"id":null,"name":"Skin Aqua","description":null,"type":null,"itemCount":3,"isSelected":null,"baseSeoURL":null},{"id":null,"name":"Skin Magical","description":null,"type":null,"itemCount":3,"isSelected":null,"baseSeoURL":null},{"id":null,"name":"SkinMedica","description":null,"type":null,"itemCount":3,"isSelected":null,"baseSeoURL":null},{"id":null,"name":"Stream2Sea","description":null,"type":null,"itemCount":3,"isSelected":null,"baseSeoURL":null},{"id":null,"name":"SunBurnt","description":null,"type":null,"itemCount":3,"isSelected":null,"baseSeoURL":null},{"id":null,"name":"Sunmark","description":null,"type":null,"itemCount":3,"isSelected":null,"baseSeoURL":null},{"id":null,"name":"Surface","description":null,"type":null,"itemCount":3,"isSelected":null,"baseSeoURL":null},{"id":null,"name":"TemGpair","description":null,"type":null,"itemCount":3,"isSelected":null,"baseSeoURL":null},{"id":null,"name":"Thank You Farmer","description":null,"type":null,"itemCount":3,"isSelected":null,"baseSeoURL":null},{"id":null,"name":"Tinkercad","description":null,"type":null,"itemCount":3,"isSelected":null,"baseSeoURL":null},{"id":null,"name":"Ultimate","description":null,"type":null,"itemCount":3,"isSelected":null,"baseSeoURL":null},{"id":null,"name":"Vertra","description":null,"type":null,"itemCount":3,"isSelected":null,"baseSeoURL":null},{"id":null,"name":"WOW EZ Finishes","description":null,"type":null,"itemCount":3,"isSelected":null,"baseSeoURL":null},{"id":null,"name":"YINGXUN","description":null,"type":null,"itemCount":3,"isSelected":null,"baseSeoURL":null},{"id":null,"name":"YXLX","description":null,"type":null,"itemCount":3,"isSelected":null,"baseSeoURL":null},{"id":null,"name":"chiwanji","description":null,"type":null,"itemCount":3,"isSelected":null,"baseSeoURL":null},{"id":null,"name":"3rd Rock Sunblock","description":null,"type":null,"itemCount":2,"isSelected":null,"baseSeoURL":null},{"id":null,"name":"A-DERMA","description":null,"type":null,"itemCount":2,"isSelected":null,"baseSeoURL":null},{"id":null,"name":"ALLOMN","description":null,"type":null,"itemCount":2,"isSelected":null,"baseSeoURL":null},{"id":null,"name":"AQUAROMA","description":null,"type":null,"itemCount":2,"isSelected":null,"baseSeoURL":null},{"id":null,"name":"ARYANVEDA","description":null,"type":null,"itemCount":2,"isSelected":null,"baseSeoURL":null},{"id":null,"name":"ATOMY","description":null,"type":null,"itemCount":2,"isSelected":null,"baseSeoURL":null},{"id":null,"name":"AUPERTO","description":null,"type":null,"itemCount":2,"isSelected":null,"baseSeoURL":null},{"id":null,"name":"AURA","description":null,"type":null,"itemCount":2,"isSelected":null,"baseSeoURL":null},{"id":null,"name":"Abella","description":null,"type":null,"itemCount":2,"isSelected":null,"baseSeoURL":null},{"id":null,"name":"Absolutely Natural","description":null,"type":null,"itemCount":2,"isSelected":null,"baseSeoURL":null},{"id":null,"name":"Active Life Company","description":null,"type":null,"itemCount":2,"isSelected":null,"baseSeoURL":null},{"id":null,"name":"Alastin","description":null,"type":null,"itemCount":2,"isSelected":null,"baseSeoURL":null},{"id":null,"name":"AllTopBargains","description":null,"type":null,"itemCount":2,"isSelected":null,"baseSeoURL":null},{"id":null,"name":"Aloderma","description":null,"type":null,"itemCount":2,"isSelected":null,"baseSeoURL":null},{"id":null,"name":"Aroma Magic","description":null,"type":null,"itemCount":2,"isSelected":null,"baseSeoURL":null},{"id":null,"name":"Aveda","description":null,"type":null,"itemCount":2,"isSelected":null,"baseSeoURL":null},{"id":null,"name":"BESTYO","description":null,"type":null,"itemCount":2,"isSelected":null,"baseSeoURL":null},{"id":null,"name":"BODYJONES","description":null,"type":null,"itemCount":2,"isSelected":null,"baseSeoURL":null},{"id":null,"name":"Beautederm","description":null,"type":null,"itemCount":2,"isSelected":null,"baseSeoURL":null},{"id":null,"name":"Beauty People","description":null,"type":null,"itemCount":2,"isSelected":null,"baseSeoURL":null},{"id":null,"name":"Bellamianta","description":null,"type":null,"itemCount":2,"isSelected":null,"baseSeoURL":null},{"id":null,"name":"Bellanny","description":null,"type":null,"itemCount":2,"isSelected":null,"baseSeoURL":null},{"id":null,"name":"Bergasol","description":null,"type":null,"itemCount":2,"isSelected":null,"baseSeoURL":null},{"id":null,"name":"Biosa","description":null,"type":null,"itemCount":2,"isSelected":null,"baseSeoURL":null},{"id":null,"name":"Bollsisrey","description":null,"type":null,"itemCount":2,"isSelected":null,"baseSeoURL":null},{"id":null,"name":"Brazil Bronze","description":null,"type":null,"itemCount":2,"isSelected":null,"baseSeoURL":null},{"id":null,"name":"BullFrog","description":null,"type":null,"itemCount":2,"isSelected":null,"baseSeoURL":null},{"id":null,"name":"CAROOTU","description":null,"type":null,"itemCount":2,"isSelected":null,"baseSeoURL":null},{"id":null,"name":"COMODYNES","description":null,"type":null,"itemCount":2,"isSelected":null,"baseSeoURL":null},{"id":null,"name":"COVERGIRL","description":null,"type":null,"itemCount":2,"isSelected":null,"baseSeoURL":null},{"id":null,"name":"Catlerio","description":null,"type":null,"itemCount":2,"isSelected":null,"baseSeoURL":null},{"id":null,"name":"Cocoa Brown by Marissa Carter","description":null,"type":null,"itemCount":2,"isSelected":null,"baseSeoURL":null},{"id":null,"name":"Colcolo","description":null,"type":null,"itemCount":2,"isSelected":null,"baseSeoURL":null},{"id":null,"name":"CosmoSun","description":null,"type":null,"itemCount":2,"isSelected":null,"baseSeoURL":null},{"id":null,"name":"Crtynell","description":null,"type":null,"itemCount":2,"isSelected":null,"baseSeoURL":null},{"id":null,"name":"DABO","description":null,"type":null,"itemCount":2,"isSelected":null,"baseSeoURL":null},{"id":null,"name":"DYKEM","description":null,"type":null,"itemCount":2,"isSelected":null,"baseSeoURL":null},{"id":null,"name":"Decleor","description":null,"type":null,"itemCount":2,"isSelected":null,"baseSeoURL":null},{"id":null,"name":"Delta Brokerage","description":null,"type":null,"itemCount":2,"isSelected":null,"baseSeoURL":null},{"id":null,"name":"Dermablend","description":null,"type":null,"itemCount":2,"isSelected":null,"baseSeoURL":null},{"id":null,"name":"Dermoplast","description":null,"type":null,"itemCount":2,"isSelected":null,"baseSeoURL":null},{"id":null,"name":"Dexeryl","description":null,"type":null,"itemCount":2,"isSelected":null,"baseSeoURL":null},{"id":null,"name":"DezyMart","description":null,"type":null,"itemCount":2,"isSelected":null,"baseSeoURL":null},{"id":null,"name":"Doact","description":null,"type":null,"itemCount":2,"isSelected":null,"baseSeoURL":null},{"id":null,"name":"Domqga","description":null,"type":null,"itemCount":2,"isSelected":null,"baseSeoURL":null},{"id":null,"name":"Dr. Alvin Professional Skin Care","description":null,"type":null,"itemCount":2,"isSelected":null,"baseSeoURL":null},{"id":null,"name":"Dr. Jennifer Walden","description":null,"type":null,"itemCount":2,"isSelected":null,"baseSeoURL":null},{"id":null,"name":"Enlightened Inc","description":null,"type":null,"itemCount":2,"isSelected":null,"baseSeoURL":null},{"id":null,"name":"Extrashade","description":null,"type":null,"itemCount":2,"isSelected":null,"baseSeoURL":null},{"id":null,"name":"FAGINEY","description":null,"type":null,"itemCount":2,"isSelected":null,"baseSeoURL":null},{"id":null,"name":"FLOF","description":null,"type":null,"itemCount":2,"isSelected":null,"baseSeoURL":null},{"id":null,"name":"Fashioncraft","description":null,"type":null,"itemCount":2,"isSelected":null,"baseSeoURL":null},{"id":null,"name":"Felix \u0026 Ambrosia","description":null,"type":null,"itemCount":2,"isSelected":null,"baseSeoURL":null},{"id":null,"name":"Flmtop","description":null,"type":null,"itemCount":2,"isSelected":null,"baseSeoURL":null},{"id":null,"name":"Forzero","description":null,"type":null,"itemCount":2,"isSelected":null,"baseSeoURL":null},{"id":null,"name":"Frcolor","description":null,"type":null,"itemCount":2,"isSelected":null,"baseSeoURL":null},{"id":null,"name":"Generated","description":null,"type":null,"itemCount":2,"isSelected":null,"baseSeoURL":null},{"id":null,"name":"George's","description":null,"type":null,"itemCount":2,"isSelected":null,"baseSeoURL":null},{"id":null,"name":"Gladys TECH","description":null,"type":null,"itemCount":2,"isSelected":null,"baseSeoURL":null},{"id":null,"name":"GoodSense","description":null,"type":null,"itemCount":2,"isSelected":null,"baseSeoURL":null},{"id":null,"name":"Guerlain","description":null,"type":null,"itemCount":2,"isSelected":null,"baseSeoURL":null},{"id":null,"name":"HERA","description":null,"type":null,"itemCount":2,"isSelected":null,"baseSeoURL":null},{"id":null,"name":"HI-US","description":null,"type":null,"itemCount":2,"isSelected":null,"baseSeoURL":null},{"id":null,"name":"Hamilton Babies","description":null,"type":null,"itemCount":2,"isSelected":null,"baseSeoURL":null},{"id":null,"name":"Hidyliu","description":null,"type":null,"itemCount":2,"isSelected":null,"baseSeoURL":null},{"id":null,"name":"Houseen","description":null,"type":null,"itemCount":2,"isSelected":null,"baseSeoURL":null},{"id":null,"name":"INATUR","description":null,"type":null,"itemCount":2,"isSelected":null,"baseSeoURL":null},{"id":null,"name":"IPKN","description":null,"type":null,"itemCount":2,"isSelected":null,"baseSeoURL":null},{"id":null,"name":"ISDIN","description":null,"type":null,"itemCount":2,"isSelected":null,"baseSeoURL":null},{"id":null,"name":"Ikemiter","description":null,"type":null,"itemCount":2,"isSelected":null,"baseSeoURL":null},{"id":null,"name":"Infinity Sun","description":null,"type":null,"itemCount":2,"isSelected":null,"baseSeoURL":null},{"id":null,"name":"Isehan","description":null,"type":null,"itemCount":2,"isSelected":null,"baseSeoURL":null},{"id":null,"name":"JUST CLEARANCE","description":null,"type":null,"itemCount":2,"isSelected":null,"baseSeoURL":null},{"id":null,"name":"Jan Marini","description":null,"type":null,"itemCount":2,"isSelected":null,"baseSeoURL":null},{"id":null,"name":"Joey New York","description":null,"type":null,"itemCount":2,"isSelected":null,"baseSeoURL":null},{"id":null,"name":"Joliecosmetics","description":null,"type":null,"itemCount":2,"isSelected":null,"baseSeoURL":null},{"id":null,"name":"Jovees","description":null,"type":null,"itemCount":2,"isSelected":null,"baseSeoURL":null},{"id":null,"name":"June Jacobs","description":null,"type":null,"itemCount":2,"isSelected":null,"baseSeoURL":null},{"id":null,"name":"KINLO","description":null,"type":null,"itemCount":2,"isSelected":null,"baseSeoURL":null},{"id":null,"name":"KOS","description":null,"type":null,"itemCount":2,"isSelected":null,"baseSeoURL":null},{"id":null,"name":"Karlge","description":null,"type":null,"itemCount":2,"isSelected":null,"baseSeoURL":null},{"id":null,"name":"Kevyn Aucoin","description":null,"type":null,"itemCount":2,"isSelected":null,"baseSeoURL":null},{"id":null,"name":"Kim Jeong Moon","description":null,"type":null,"itemCount":2,"isSelected":null,"baseSeoURL":null},{"id":null,"name":"Kinesys Sunscreen","description":null,"type":null,"itemCount":2,"isSelected":null,"baseSeoURL":null},{"id":null,"name":"Klein Becker","description":null,"type":null,"itemCount":2,"isSelected":null,"baseSeoURL":null},{"id":null,"name":"L'Oreal Professionnel","description":null,"type":null,"itemCount":2,"isSelected":null,"baseSeoURL":null},{"id":null,"name":"LAFGUR","description":null,"type":null,"itemCount":2,"isSelected":null,"baseSeoURL":null},{"id":null,"name":"LPI","description":null,"type":null,"itemCount":2,"isSelected":null,"baseSeoURL":null},{"id":null,"name":"La Bella Donna","description":null,"type":null,"itemCount":2,"isSelected":null,"baseSeoURL":null},{"id":null,"name":"Lainas Organic \u0026 Natural Products","description":null,"type":null,"itemCount":2,"isSelected":null,"baseSeoURL":null},{"id":null,"name":"Lancome","description":null,"type":null,"itemCount":2,"isSelected":null,"baseSeoURL":null},{"id":null,"name":"Laura Geller New York","description":null,"type":null,"itemCount":2,"isSelected":null,"baseSeoURL":null},{"id":null,"name":"Lessons","description":null,"type":null,"itemCount":2,"isSelected":null,"baseSeoURL":null},{"id":null,"name":"Lestosons","description":null,"type":null,"itemCount":2,"isSelected":null,"baseSeoURL":null},{"id":null,"name":"Lily Of The Desert","description":null,"type":null,"itemCount":2,"isSelected":null,"baseSeoURL":null},{"id":null,"name":"Liveday","description":null,"type":null,"itemCount":2,"isSelected":null,"baseSeoURL":null},{"id":null,"name":"Livweli","description":null,"type":null,"itemCount":2,"isSelected":null,"baseSeoURL":null},{"id":null,"name":"Longevity Code Live Longer","description":null,"type":null,"itemCount":2,"isSelected":null,"baseSeoURL":null},{"id":null,"name":"Luokeji","description":null,"type":null,"itemCount":2,"isSelected":null,"baseSeoURL":null},{"id":null,"name":"Luxforia","description":null,"type":null,"itemCount":2,"isSelected":null,"baseSeoURL":null},{"id":null,"name":"MADE OF","description":null,"type":null,"itemCount":2,"isSelected":null,"baseSeoURL":null},{"id":null,"name":"MANGO","description":null,"type":null,"itemCount":2,"isSelected":null,"baseSeoURL":null},{"id":null,"name":"MEDI-PEEL","description":null,"type":null,"itemCount":2,"isSelected":null,"baseSeoURL":null},{"id":null,"name":"MOOSUNGEEK","description":null,"type":null,"itemCount":2,"isSelected":null,"baseSeoURL":null},{"id":null,"name":"MOREFUN","description":null,"type":null,"itemCount":2,"isSelected":null,"baseSeoURL":null},{"id":null,"name":"ManMan","description":null,"type":null,"itemCount":2,"isSelected":null,"baseSeoURL":null},{"id":null,"name":"Mariner Biomedical","description":null,"type":null,"itemCount":2,"isSelected":null,"baseSeoURL":null},{"id":null,"name":"Milk_Shake","description":null,"type":null,"itemCount":2,"isSelected":null,"baseSeoURL":null},{"id":null,"name":"Mipan GamsungTex Aqua-X","description":null,"type":null,"itemCount":2,"isSelected":null,"baseSeoURL":null},{"id":null,"name":"ModelCo","description":null,"type":null,"itemCount":2,"isSelected":null,"baseSeoURL":null},{"id":null,"name":"Monfince","description":null,"type":null,"itemCount":2,"isSelected":null,"baseSeoURL":null},{"id":null,"name":"Mongdies","description":null,"type":null,"itemCount":2,"isSelected":null,"baseSeoURL":null},{"id":null,"name":"Mumaoyi","description":null,"type":null,"itemCount":2,"isSelected":null,"baseSeoURL":null},{"id":null,"name":"Mustela","description":null,"type":null,"itemCount":2,"isSelected":null,"baseSeoURL":null},{"id":null,"name":"NARS","description":null,"type":null,"itemCount":2,"isSelected":null,"baseSeoURL":null},{"id":null,"name":"NO-AD","description":null,"type":null,"itemCount":2,"isSelected":null,"baseSeoURL":null},{"id":null,"name":"NOW Foods","description":null,"type":null,"itemCount":2,"isSelected":null,"baseSeoURL":null},{"id":null,"name":"Nachar","description":null,"type":null,"itemCount":2,"isSelected":null,"baseSeoURL":null},{"id":null,"name":"Namotu","description":null,"type":null,"itemCount":2,"isSelected":null,"baseSeoURL":null},{"id":null,"name":"Natural Ice","description":null,"type":null,"itemCount":2,"isSelected":null,"baseSeoURL":null},{"id":null,"name":"Neogen","description":null,"type":null,"itemCount":2,"isSelected":null,"baseSeoURL":null},{"id":null,"name":"Neova","description":null,"type":null,"itemCount":2,"isSelected":null,"baseSeoURL":null},{"id":null,"name":"Noreva","description":null,"type":null,"itemCount":2,"isSelected":null,"baseSeoURL":null},{"id":null,"name":"Nuxe","description":null,"type":null,"itemCount":2,"isSelected":null,"baseSeoURL":null},{"id":null,"name":"ODIANTRD","description":null,"type":null,"itemCount":2,"isSelected":null,"baseSeoURL":null},{"id":null,"name":"OLITA","description":null,"type":null,"itemCount":2,"isSelected":null,"baseSeoURL":null},{"id":null,"name":"OMIC","description":null,"type":null,"itemCount":2,"isSelected":null,"baseSeoURL":null},{"id":null,"name":"OTC4ME","description":null,"type":null,"itemCount":2,"isSelected":null,"baseSeoURL":null},{"id":null,"name":"Oars + Alps","description":null,"type":null,"itemCount":2,"isSelected":null,"baseSeoURL":null},{"id":null,"name":"Oshea Herbals","description":null,"type":null,"itemCount":2,"isSelected":null,"baseSeoURL":null},{"id":null,"name":"Our Aroma","description":null,"type":null,"itemCount":2,"isSelected":null,"baseSeoURL":null}]},{"title":"Departments","name":"Departments","type":"cat_id","layout":"default","min":null,"max":null,"selectedMin":null,"selectedMax":null,"unboundedMax":null,"stepSize":null,"isSelected":null,"values":[{"id":"1005862_1001508_8279042","name":"Sunscreen","description":null,"type":"cat_id","itemCount":3720,"isSelected":null,"baseSeoURL":"/browse/personal-care/sunscreen/1005862_1001508_8279042"},{"id":"1005862_1001508_6439038","name":"Self-Tanners \u0026 Bronzers","description":null,"type":"cat_id","itemCount":480,"isSelected":null,"baseSeoURL":"/browse/personal-care/self-tanners-bronzers/1005862_1001508_6439038"},{"id":"1005862_1001508_7306596","name":"Tanning Lotions \u0026 Oils","description":null,"type":"cat_id","itemCount":692,"isSelected":null,"baseSeoURL":"/browse/personal-care/tanning-lotions-oils/1005862_1001508_7306596"},{"id":"1005862_1001508_8361694","name":"After-Sun Care","description":null,"type":"cat_id","itemCount":395,"isSelected":null,"baseSeoURL":"/browse/personal-care/after-sun-care/1005862_1001508_8361694"},{"id":"1005862_1001508_5445092","name":"Banana Boat Sunscreen","description":null,"type":"cat_id","itemCount":16,"isSelected":null,"baseSeoURL":"/browse/personal-care/banana-boat-sunscreen/1005862_1001508_5445092"},{"id":"1005862_1001508_1322666","name":"Oxybenzone-Free Sunscreen","description":null,"type":"cat_id","itemCount":87,"isSelected":null,"baseSeoURL":"/browse/personal-care/oxybenzone-free-sunscreen/1005862_1001508_1322666"},{"id":"1005862_1001508_9259229","name":"Aloe Vera Gel","description":null,"type":"cat_id","itemCount":391,"isSelected":null,"baseSeoURL":"/browse/personal-care/aloe-vera-gel/1005862_1001508_9259229"},{"id":"1005862_1001508_9932422","name":"Sun Care Sale","description":null,"type":"cat_id","itemCount":35,"isSelected":null,"baseSeoURL":"/browse/personal-care/sun-care-sale/1005862_1001508_9932422"},{"id":"1005862_1001508_6270511","name":"Reef-Safe Sunscreen","description":null,"type":"cat_id","itemCount":105,"isSelected":null,"baseSeoURL":"/browse/personal-care/reef-safe-sunscreen/1005862_1001508_6270511"},{"id":"1005862_1001508_5640343","name":"Aveeno Sunscreen","description":null,"type":"cat_id","itemCount":60,"isSelected":null,"baseSeoURL":"/browse/personal-care/aveeno-sunscreen/1005862_1001508_5640343"},{"id":"1005862_1001508_5548238","name":"Mineral Sunscreen","description":null,"type":"cat_id","itemCount":405,"isSelected":null,"baseSeoURL":"/browse/personal-care/mineral-sunscreen/1005862_1001508_5548238"},{"id":"1005862_1001508_4153586","name":"Banana Boat","description":null,"type":"cat_id","itemCount":300,"isSelected":null,"baseSeoURL":"/browse/personal-care/banana-boat/1005862_1001508_4153586"},{"id":"1005862_1001508_1620920","name":"Kids \u0026 Baby Sunscreen","description":null,"type":"cat_id","itemCount":199,"isSelected":null,"baseSeoURL":"/browse/personal-care/kids-baby-sunscreen/1005862_1001508_1620920"},{"id":"1005862_1001508_2664458","name":"Neutrogena Sunscreen","description":null,"type":"cat_id","itemCount":183,"isSelected":null,"baseSeoURL":"/browse/personal-care/neutrogena-sunscreen/1005862_1001508_2664458"},{"id":"1005862_1001508_3734162","name":"Coppertone Sunscreen","description":null,"type":"cat_id","itemCount":183,"isSelected":null,"baseSeoURL":"/browse/personal-care/coppertone-sunscreen/1005862_1001508_3734162"},{"id":"1005862_1001508_2880849","name":"Clean Living Sunscreen","description":null,"type":"cat_id","itemCount":176,"isSelected":null,"baseSeoURL":"/browse/personal-care/clean-living-sunscreen/1005862_1001508_2880849"},{"id":"1005862_1001508_8079339","name":"Equate Sunscreen","description":null,"type":"cat_id","itemCount":31,"isSelected":null,"baseSeoURL":"/browse/personal-care/equate-sunscreen/1005862_1001508_8079339"}]},{"title":"Speed","name":"Fulfillment Speed","type":"fulfillment_speed","layout":"pill","min":null,"max":null,"selectedMin":null,"selectedMax":null,"unboundedMax":null,"stepSize":null,"isSelected":null,"values":[{"id":null,"name":"Today","description":null,"type":null,"itemCount":0,"isSelected":null,"baseSeoURL":null},{"id":null,"name":"Tomorrow","description":null,"type":null,"itemCount":0,"isSelected":null,"baseSeoURL":null},{"id":null,"name":"2 days","description":null,"type":null,"itemCount":0,"isSelected":null,"baseSeoURL":null},{"id":null,"name":"Anytime","description":null,"type":null,"itemCount":0,"isSelected":null,"baseSeoURL":null}]},{"title":"Lifestage","name":"Lifestage","type":"age_group","layout":"default","min":null,"max":null,"selectedMin":null,"selectedMax":null,"unboundedMax":null,"stepSize":null,"isSelected":null,"values":[{"id":null,"name":"Adult","description":null,"type":null,"itemCount":2209,"isSelected":null,"baseSeoURL":null},{"id":null,"name":"Teen","description":null,"type":null,"itemCount":294,"isSelected":null,"baseSeoURL":null},{"id":null,"name":"Toddler","description":null,"type":null,"itemCount":108,"isSelected":null,"baseSeoURL":null},{"id":null,"name":"Child","description":null,"type":null,"itemCount":186,"isSelected":null,"baseSeoURL":null},{"id":null,"name":"Infant","description":null,"type":null,"itemCount":46,"isSelected":null,"baseSeoURL":null},{"id":null,"name":"Newborn","description":null,"type":null,"itemCount":1,"isSelected":null,"baseSeoURL":null},{"id":null,"name":"Tween","description":null,"type":null,"itemCount":26,"isSelected":null,"baseSeoURL":null}]},{"title":"Form","name":"Form","type":"form","layout":"default","min":null,"max":null,"selectedMin":null,"selectedMax":null,"unboundedMax":null,"stepSize":null,"isSelected":null,"values":[{"id":null,"name":"Lotions","description":null,"type":null,"itemCount":416,"isSelected":null,"baseSeoURL":null},{"id":null,"name":"Spray","description":null,"type":null,"itemCount":180,"isSelected":null,"baseSeoURL":null},{"id":null,"name":"Creams","description":null,"type":null,"itemCount":155,"isSelected":null,"baseSeoURL":null},{"id":null,"name":"Liquids","description":null,"type":null,"itemCount":77,"isSelected":null,"baseSeoURL":null},{"id":null,"name":"Gels","description":null,"type":null,"itemCount":73,"isSelected":null,"baseSeoURL":null},{"id":null,"name":"Stick","description":null,"type":null,"itemCount":38,"isSelected":null,"baseSeoURL":null},{"id":null,"name":"Oils","description":null,"type":null,"itemCount":19,"isSelected":null,"baseSeoURL":null},{"id":null,"name":"Foams","description":null,"type":null,"itemCount":9,"isSelected":null,"baseSeoURL":null},{"id":null,"name":"Powders","description":null,"type":null,"itemCount":8,"isSelected":null,"baseSeoURL":null},{"id":null,"name":"Capsules","description":null,"type":null,"itemCount":1,"isSelected":null,"baseSeoURL":null}]},{"title":"Category","name":"Category","type":"category","layout":"default","min":null,"max":null,"selectedMin":null,"selectedMax":null,"unboundedMax":null,"stepSize":null,"isSelected":null,"values":[{"id":null,"name":"Sun Protection","description":null,"type":null,"itemCount":185,"isSelected":null,"baseSeoURL":"/browse/personal-care/sun-care/sun-protection/1005862_1001508/Y2F0ZWdvcnk6U3VuIFByb3RlY3Rpb24ie"},{"id":null,"name":"Self-Tanners \u0026 Bronzers","description":null,"type":null,"itemCount":25,"isSelected":null,"baseSeoURL":"/browse/personal-care/sun-care/self-tanners-bronzers/1005862_1001508/Y2F0ZWdvcnk6U2VsZii1UYW5uZXJzICYgQnJvbnplcnMie"},{"id":null,"name":"Tanning Oils","description":null,"type":null,"itemCount":23,"isSelected":null,"baseSeoURL":"/browse/personal-care/sun-care/tanning-oils/1005862_1001508/Y2F0ZWdvcnk6VGFubmluZyBPaWxz"},{"id":null,"name":"Skin Care","description":null,"type":null,"itemCount":20,"isSelected":null,"baseSeoURL":"/browse/personal-care/sun-care/skin-care/1005862_1001508/Y2F0ZWdvcnk6U2tpbiiBDYXJl"},{"id":null,"name":"Moisturizers","description":null,"type":null,"itemCount":19,"isSelected":null,"baseSeoURL":"/browse/personal-care/sun-care/moisturizers/1005862_1001508/Y2F0ZWdvcnk6TW9pc3R1cml6ZXJz"},{"id":null,"name":"Tanning Supplies","description":null,"type":null,"itemCount":16,"isSelected":null,"baseSeoURL":"/browse/personal-care/sun-care/tanning-supplies/1005862_1001508/Y2F0ZWdvcnk6VGFubmluZyBTdXBwbGllcwieie"},{"id":null,"name":"Beauty \u0026 Grooming","description":null,"type":null,"itemCount":11,"isSelected":null,"baseSeoURL":"/browse/personal-care/sun-care/beauty-grooming/1005862_1001508/Y2F0ZWdvcnk6QmVhdXR5ICYgR3Jvb21pbmcie"},{"id":null,"name":"After Sun Care","description":null,"type":null,"itemCount":10,"isSelected":null,"baseSeoURL":"/browse/personal-care/sun-care/after-sun-care/1005862_1001508/Y2F0ZWdvcnk6QWZ0ZXIgU3VuIENhcmUie"},{"id":null,"name":"Makeup Sets \u0026 Palettes","description":null,"type":null,"itemCount":10,"isSelected":null,"baseSeoURL":"/browse/personal-care/sun-care/makeup-sets-palettes/1005862_1001508/Y2F0ZWdvcnk6TWFrZXVwIFNldHMgJiiBQYWxldHRlcwieie"},{"id":null,"name":"Face Treatments","description":null,"type":null,"itemCount":7,"isSelected":null,"baseSeoURL":"/browse/personal-care/sun-care/face-treatments/1005862_1001508/Y2F0ZWdvcnk6RmFjZSBUcmVhdG1lbnRz"},{"id":null,"name":"Baby Health Care","description":null,"type":null,"itemCount":4,"isSelected":null,"baseSeoURL":"/browse/personal-care/sun-care/baby-health-care/1005862_1001508/Y2F0ZWdvcnk6QmFiieSBIZWFsdGggQ2FyZQieie"},{"id":null,"name":"Face","description":null,"type":null,"itemCount":3,"isSelected":null,"baseSeoURL":null},{"id":null,"name":"First Aid Kits","description":null,"type":null,"itemCount":3,"isSelected":null,"baseSeoURL":null},{"id":null,"name":"Hand Creams \u0026 Lotions","description":null,"type":null,"itemCount":3,"isSelected":null,"baseSeoURL":null},{"id":null,"name":"Lip Care","description":null,"type":null,"itemCount":3,"isSelected":null,"baseSeoURL":null},{"id":null,"name":"Skin Revitalizers","description":null,"type":null,"itemCount":3,"isSelected":null,"baseSeoURL":null},{"id":null,"name":"Styling Products","description":null,"type":null,"itemCount":2,"isSelected":null,"baseSeoURL":null},{"id":null,"name":"Cosmetic Bags \u0026 Cases","description":null,"type":null,"itemCount":1,"isSelected":null,"baseSeoURL":null},{"id":null,"name":"Make-up Removers","description":null,"type":null,"itemCount":1,"isSelected":null,"baseSeoURL":null},{"id":null,"name":"Massagers","description":null,"type":null,"itemCount":1,"isSelected":null,"baseSeoURL":null}]},{"title":"Gender","name":"Gender","type":"gender","layout":"default","min":null,"max":null,"selectedMin":null,"selectedMax":null,"unboundedMax":null,"stepSize":null,"isSelected":null,"values":[{"id":null,"name":"Unisex","description":null,"type":null,"itemCount":1748,"isSelected":null,"baseSeoURL":"/browse/personal-care/sun-care/unisex/1005862_1001508/Z2VuZGVyOlVuaXNleAieie"},{"id":null,"name":"Female","description":null,"type":null,"itemCount":448,"isSelected":null,"baseSeoURL":"/browse/personal-care/sun-care/female/1005862_1001508/Z2VuZGVyOkZlbWFsZQieie"},{"id":null,"name":"Male","description":null,"type":null,"itemCount":80,"isSelected":null,"baseSeoURL":"/browse/personal-care/sun-care/male/1005862_1001508/Z2VuZGVyOk1hbGUie"},{"id":null,"name":"Women","description":null,"type":null,"itemCount":4,"isSelected":null,"baseSeoURL":"/browse/personal-care/sun-care/women/1005862_1001508/Z2VuZGVyOldvbWVu"},{"id":null,"name":"Girls","description":null,"type":null,"itemCount":2,"isSelected":null,"baseSeoURL":null}]},{"title":"Scent","name":"Scent","type":"scent","layout":"default","min":null,"max":null,"selectedMin":null,"selectedMax":null,"unboundedMax":null,"stepSize":null,"isSelected":null,"values":[{"id":null,"name":"Aquatic","description":null,"type":null,"itemCount":1,"isSelected":null,"baseSeoURL":null},{"id":null,"name":"Citrus","description":null,"type":null,"itemCount":6,"isSelected":null,"baseSeoURL":null},{"id":null,"name":"Floral","description":null,"type":null,"itemCount":1,"isSelected":null,"baseSeoURL":null},{"id":null,"name":"Fresh","description":null,"type":null,"itemCount":9,"isSelected":null,"baseSeoURL":null},{"id":null,"name":"Fruity","description":null,"type":null,"itemCount":1,"isSelected":null,"baseSeoURL":null},{"id":null,"name":"Lavender","description":null,"type":null,"itemCount":8,"isSelected":null,"baseSeoURL":null},{"id":null,"name":"Scented","description":null,"type":null,"itemCount":79,"isSelected":null,"baseSeoURL":null},{"id":null,"name":"Sweet","description":null,"type":null,"itemCount":1,"isSelected":null,"baseSeoURL":null},{"id":null,"name":"Unscented","description":null,"type":null,"itemCount":83,"isSelected":null,"baseSeoURL":null},{"id":null,"name":"Vanilla","description":null,"type":null,"itemCount":6,"isSelected":null,"baseSeoURL":null},{"id":null,"name":"Woodsy","description":null,"type":null,"itemCount":1,"isSelected":null,"baseSeoURL":null},{"id":null,"name":"Woody \u0026 Earthy","description":null,"type":null,"itemCount":1,"isSelected":null,"baseSeoURL":null}]},{"title":"Count","name":"Count","type":"count_per_pack_facet","layout":"default","min":null,"max":null,"selectedMin":null,"selectedMax":null,"unboundedMax":null,"stepSize":null,"isSelected":null,"values":[{"id":null,"name":"1 - 4","description":null,"type":null,"itemCount":1233,"isSelected":null,"baseSeoURL":null},{"id":null,"name":"10 - 19","description":null,"type":null,"itemCount":24,"isSelected":null,"baseSeoURL":null},{"id":null,"name":"160 +","description":null,"type":null,"itemCount":1,"isSelected":null,"baseSeoURL":null},{"id":null,"name":"20 - 29","description":null,"type":null,"itemCount":5,"isSelected":null,"baseSeoURL":null},{"id":null,"name":"30 - 39","description":null,"type":null,"itemCount":2,"isSelected":null,"baseSeoURL":null},{"id":null,"name":"5 - 9","description":null,"type":null,"itemCount":14,"isSelected":null,"baseSeoURL":null},{"id":null,"name":"60 - 79","description":null,"type":null,"itemCount":1,"isSelected":null,"baseSeoURL":null}]},{"title":"Retailer","name":"Retailer","type":"retailer_type","layout":"default","min":null,"max":null,"selectedMin":null,"selectedMax":null,"unboundedMax":null,"stepSize":null,"isSelected":null,"values":[{"id":null,"name":"Walmart","description":null,"type":null,"itemCount":427,"isSelected":null,"baseSeoURL":null},{"id":null,"name":"Pro Sellers","description":null,"type":null,"itemCount":240,"isSelected":null,"baseSeoURL":null},{"id":null,"name":"Marketplace Sellers fulfilled by Walmart","description":null,"type":null,"itemCount":79,"isSelected":null,"baseSeoURL":null}]},{"title":"Special Offers","name":"Special Offers","type":"special_offers","layout":"default","min":null,"max":null,"selectedMin":null,"selectedMax":null,"unboundedMax":null,"stepSize":null,"isSelected":null,"values":[{"id":null,"name":"Clearance","description":null,"type":null,"itemCount":170,"isSelected":null,"baseSeoURL":null},{"id":null,"name":"Reduced Price","description":null,"type":null,"itemCount":644,"isSelected":null,"baseSeoURL":null},{"id":null,"name":"Rollback","description":null,"type":null,"itemCount":3,"isSelected":null,"baseSeoURL":null}]},{"title":"Rating","name":"Customer Rating","type":"customer_rating","layout":"default","min":null,"max":null,"selectedMin":null,"selectedMax":null,"unboundedMax":null,"stepSize":null,"isSelected":null,"values":[{"id":null,"name":"4 - 5 Stars","description":null,"type":null,"itemCount":871,"isSelected":null,"baseSeoURL":null},{"id":null,"name":"3 - 3.9 Stars","description":null,"type":null,"itemCount":994,"isSelected":null,"baseSeoURL":null},{"id":null,"name":"2 - 2.9 Stars","description":null,"type":null,"itemCount":1022,"isSelected":null,"baseSeoURL":null},{"id":null,"name":"1 - 1.9 Stars","description":null,"type":null,"itemCount":1058,"isSelected":null,"baseSeoURL":null}]}],"topNavFacets":null,"allSortAndFilterFacets":null}},"bottomZone4":{"name":"Popular In Browse Module","version":4,"type":"PopularInBrowse","moduleId":"98d4e7dd-30ed-40a9-aa39-4b57736dc239","schedule":{"priority":1},"matchedTrigger":{"zone":"bottomZone4"},"configs":{"__typename":"TempoWM_GLASSWWWPopularInBrowseConfigs","seoBrowseRelmData":null}},"topZone1":{"name":"Skyline Display Ad BP Dweb","version":2,"type":"SkylineDisplayAd","moduleId":"36887fe6-dad6-4b0d-8195-9c2ea6dbb444","schedule":{"priority":0},"matchedTrigger":{"zone":"topZone1"},"configs":{"__typename":"TempoWM_GLASSWWWSkylineDisplayAdConfigs","_rawConfigs":{"moduleLocation":"top","lazy":"400"},"ad":null}},"bottomZone2":{"name":"Sponsored Product Carousel BP","version":2,"type":"SponsoredProductCarousel","moduleId":"333badc5-42e1-4578-9275-d8e35f8032f1","schedule":{"priority":0},"matchedTrigger":{"zone":"bottomZone2"},"configs":{"__typename":"TempoWM_GLASSWWWSponsoredProductCarouselConfigs","_rawConfigs":{"title":"Sponsored Products","moduleLocation":"bottom","lazy":"500"}}}},"layoutContainerData":{"type":"container","flow":"vertical","content":[{"type":"container","flow":"vertical","content":{"type":"slot","id":"breadcrumb","mapping":[{"type":"EXTERNAL","options":{"refId":"breadCrumb","tempoLabel":"breadCrumb","displayInTempo":true}}]}},{"type":"container","flow":"vertical","content":{"type":"slot","id":"top","mapping":[{"type":"ZONE","options":{"refId":"topZone1"}},{"type":"ZONE","options":{"refId":"topZone2"}},{"type":"ZONE","options":{"refId":"topZone3"}},{"type":"ZONE","options":{"refId":"pillsTopZone"}},{"type":"ZONE","options":{"refId":"topZone4"}},{"type":"ZONE","options":{"refId":"topZone5"}}]}},{"type":"container","flow":"vertical","content":{"type":"slot","id":"stacks","mapping":[{"type":"EXTERNAL","options":{"refId":"stacks1","tempoLabel":"Stacks Zone","displayInTempo":true}}]}},{"type":"container","flow":"vertical","content":{"type":"slot","id":"bottom","mapping":[{"type":"ZONE","options":{"refId":"bottomZone1"}},{"type":"ZONE","options":{"refId":"bottomZone2"}},{"type":"ZONE","options":{"refId":"bottomZone3"}},{"type":"ZONE","options":{"refId":"bottomZone4"}},{"type":"ZONE","options":{"refId":"bottomZone5"}}]}}]},"searchResult":{"title":"Results for \"Sun Care\"","aggregatedCount":5609,"breadCrumb":[{"id":"1005862","name":"Personal Care","url":"/cp/personal-care/1005862"},{"id":"1005862_1001508","name":"Sun Care","url":"/cp/sun-care/1001508"}],"shelfData":{"shelfName":"","shelfId":""},"debug":{"sisUrl":"http://preso-usgm-wcnp.prod.walmart.com/v1/search?query=\u0026facet=\u0026stores=3081\u0026cat_id=1005862_1001508\u0026sort=best_match\u0026page=1\u0026min_price=\u0026max_price=\u0026_be_shelf_id=\u0026ptss=\u0026trsp=\u0026prg=desktop\u0026stateOrProvinceCode=CA\u0026ps=40\u0026zipcode=95829\u0026module_search=\u0026inCatchment=true\u0026latitude=38.4744\u0026longitude=-121.3437\u0026extended_zipcode=95829\u0026addressId=\u0026hidden_facet=\u0026pickupStore=3081\u0026deliveryStore=3081\u0026translation=","adsUrl":"http://swag-wmt.prod.walmart.com/fs?prg=desktop\u0026query=\u0026cat_id=1005862_1001508\u0026_be_shelf_id=\u0026facet=\u0026page=1\u0026ps=8\u0026min_price=\u0026max_price=\u0026sort=best_match\u0026ptss=\u0026module_search=\u0026trsp=\u0026zipcode=95829\u0026stores=3081\u0026stateOrProvinceCode=CA\u0026latitude=38.4744\u0026longitude=-121.3437\u0026extended_zipcode=95829\u0026addressId=\u0026inCatchment=true\u0026pickupStore=3081\u0026deliveryStore=3081"},"itemStacks":[{"displayMessage":null,"meta":{"adsBeacon":{"adUuid":"7d9e99fa-7045-44dc-a614-01526caa2a60","moduleInfo":"{\"adUuid\":\"7d9e99fa-7045-44dc-a614-01526caa2a60\",\"facet\":false,\"intent\":false,\"sorting\":\"best_match\",\"bucketId\":\"2478\"}","max_ads":8},"query":"","stackId":0,"stackType":"DEFAULT","title":"Sun Care","layoutEnum":"GRID","totalItemCount":5609,"totalItemCountDisplay":"(1000+)","viewAllParams":null},"itemsV2":null,"title":"Sun Care","totalItemCountDisplay":"(1000+)","count":5609,"items":[{"__typename":"Product","availabilityStatusDisplayValue":"In stock","productLocationDisplayValue":"G18","externalInfoUrl":"","canonicalUrl":"/ip/L-Oreal-Paris-Sublime-Bronze-Tinted-Self-Tanning-Lotion-5-fl-oz/10534573?athbdg=L1600","canAddToCart":true,"showOptions":false,"showBuyNow":false,"description":"","flag":"Best seller","badge":{"key":"BESTSELLER","text":"Best seller","type":"LABEL","id":"L1600"},"fulfillmentBadges":["Pickup","Delivery","2-day shipping"],"fulfillmentIcon":{"key":"SAVE_WITH_W_PLUS","label":"Save with"},"fulfillmentBadge":"","fulfillmentSpeed":[],"fulfillmentType":"STORE","groupMetaData":{"groupType":null,"groupSubType":null,"numberOfComponents":0,"groupComponents":null},"id":"6GL0ONL2413A","itemType":null,"usItemId":"10534573","image":"https://i5.walmartimages.com/asr/9577a90f-7cf4-4c93-a12a-d13a20162047_1.5db328c9b3a2556b364a6a91006c31d4.jpeg?odnHeight=180\u0026odnWidth=180\u0026odnBg=FFFFFF","isOutOfStock":false,"esrb":"","mediaRating":"","name":"L'Oreal Paris Sublime Bronze Tinted Self-Tanning Lotion, 5 fl. oz.","price":8.47,"preOrder":{"isPreOrder":false,"preOrderMessage":null,"preOrderStreetDateMessage":null},"priceInfo":{"itemPrice":"$10.99","linePrice":"$8.47","wasPrice":"$10.99","unitPrice":"","shipPrice":"","minPrice":0,"minPriceForVariant":"","subscriptionPrice":"","subscriptionString":"","priceDisplayCondition":"","finalCostByWeight":false,"submapType":""},"rating":{"averageRating":3.9,"numberOfReviews":118},"salesUnit":"EACH","variantList":[],"isVariantTypeSwatch":false,"brand":null,"manufacturerName":null,"offerId":"378AED33CBC44915948C534E472B8C5D","fitmentLabel":"","isAtfMarker":false,"sellerId":"F55CDC31AB754BB68FE0B39041159D63","sellerName":"Walmart.com","hasSellerBadge":null,"seller":{"name":"Walmart.com","sellerId":"F55CDC31AB754BB68FE0B39041159D63"},"sponsoredProduct":{"spQs":"-uJqmFdXxOC_3V99JUtCUjiS4yYY75WSNziSMH86LzEbfREksZiCn1A9KIitui89a8HQw4_Z8AxUFZRWdyVPHZJPzDw3hL70t2NOLPXR4EkYubELZNPuwFQkZkUeuq-QPu7ACgXhjfCG7Fcr3BJH0eapANBhZT4rMGYQKaCYtRU","clickBeacon":"https://wrd.walmart.com/track?rdf=0\u0026adUid=7d9e99fa-7045-44dc-a614-01526caa2a60\u0026plmt=__plmt__\u0026tax=1005862_1001508\u0026pltfm=desktop\u0026eventST=__eventST__\u0026pgId=1005862_1001508\u0026spQs=-uJqmFdXxOC_3V99JUtCUjiS4yYY75WSNziSMH86LzEbfREksZiCn1A9KIitui89a8HQw4_Z8AxUFZRWdyVPHZJPzDw3hL70t2NOLPXR4EkYubELZNPuwFQkZkUeuq-QPu7ACgXhjfCG7Fcr3BJH0eapANBhZT4rMGYQKaCYtRU\u0026storeId=3081\u0026pt=browse\u0026pos=__pos__\u0026bt=__bt__\u0026mloc=sp-browse-middle\u0026bkt=2478","spTags":null},"checkStoreAvailabilityATC":false,"seeShippingEligibility":false,"rewards":null},{"__typename":"Product","availabilityStatusDisplayValue":"In stock","productLocationDisplayValue":null,"externalInfoUrl":"","canonicalUrl":"/ip/Alba-Botanica-Sport-Sunscreen-Lotion-SPF-45-Fragrance-Free-4-oz/24820109","canAddToCart":true,"showOptions":false,"showBuyNow":false,"description":"","flag":"","badge":{"text":"","id":"","type":"","key":""},"fulfillmentBadges":["1-day shipping"],"fulfillmentIcon":{"key":"SAVE_WITH_W_PLUS","label":"Save with"},"fulfillmentBadge":"","fulfillmentSpeed":[],"fulfillmentType":"FC","groupMetaData":{"groupType":null,"groupSubType":null,"numberOfComponents":0,"groupComponents":null},"id":"4SMTJFWEYVC1","itemType":null,"usItemId":"24820109","image":"https://i5.walmartimages.com/asr/ac5936aa-a6b4-4c1a-90ab-ca55bf6cb5fa.00a112cb7af231954597d1f27cd7fedd.jpeg?odnHeight=180\u0026odnWidth=180\u0026odnBg=FFFFFF","isOutOfStock":false,"esrb":"","mediaRating":"","name":"Alba Botanica Sport Sunscreen Lotion SPF 45, Fragrance Free, 4 oz.","price":7.97,"preOrder":{"isPreOrder":false,"preOrderMessage":null,"preOrderStreetDateMessage":null},"priceInfo":{"itemPrice":"","linePrice":"$7.97","wasPrice":"","unitPrice":"$1.99/fl oz","shipPrice":"","minPrice":0,"minPriceForVariant":"","subscriptionPrice":"","subscriptionString":"","priceDisplayCondition":"","finalCostByWeight":false,"submapType":""},"rating":{"averageRating":4.6,"numberOfReviews":54},"salesUnit":"EACH","variantList":[],"isVariantTypeSwatch":false,"brand":null,"manufacturerName":null,"offerId":"159D77AE39F44649ACE3B41246FD280C","fitmentLabel":"","isAtfMarker":false,"sellerId":"F55CDC31AB754BB68FE0B39041159D63","sellerName":"Walmart.com","hasSellerBadge":null,"seller":{"name":"Walmart.com","sellerId":"F55CDC31AB754BB68FE0B39041159D63"},"sponsoredProduct":{"spQs":"wubz6W8GYv9KAheWoadm6x30ZUJqhaMM6W48EcmjmI6_hmc2xDcvIfQql2Ke7mlUB5eJzy9cYKtwz8323IrPrkF5HCZ4EQpu5ehUt3H9mx3o8qKnICnBCcC4Fh9W36Vrr1MNvrdPRDyye-dtJ3oYf17zoSiypwJWZuvaoiBaZSI","clickBeacon":"https://wrd.walmart.com/track?rdf=0\u0026adUid=7d9e99fa-7045-44dc-a614-01526caa2a60\u0026plmt=__plmt__\u0026tax=1005862_1001508\u0026pltfm=desktop\u0026eventST=__eventST__\u0026pgId=1005862_1001508\u0026spQs=wubz6W8GYv9KAheWoadm6x30ZUJqhaMM6W48EcmjmI6_hmc2xDcvIfQql2Ke7mlUB5eJzy9cYKtwz8323IrPrkF5HCZ4EQpu5ehUt3H9mx3o8qKnICnBCcC4Fh9W36Vrr1MNvrdPRDyye-dtJ3oYf17zoSiypwJWZuvaoiBaZSI\u0026storeId=3081\u0026pt=browse\u0026pos=__pos__\u0026bt=__bt__\u0026mloc=sp-browse-middle\u0026bkt=2478","spTags":null},"checkStoreAvailabilityATC":false,"seeShippingEligibility":false,"rewards":null},{"__typename":"Product","availabilityStatusDisplayValue":"In stock","productLocationDisplayValue":null,"externalInfoUrl":"","canonicalUrl":"/ip/Neutrogena-Ultra-Sheer-Dry-Touch-SPF-30-Sunscreen-Lotion-3-fl-oz/10309482","canAddToCart":true,"showOptions":false,"showBuyNow":false,"description":"\u003cli\u003eBroad Spectrum SPF 30 sunscreen lotion\u003c/li\u003e\u003cli\u003eLightweight, fast-absorbing\u003c/li\u003e","flag":"","badge":{"text":"","id":"","type":"","key":""},"fulfillmentBadges":["1-day shipping"],"fulfillmentIcon":{"key":"SAVE_WITH_W_PLUS","label":"Save with"},"fulfillmentBadge":"Tomorrow","fulfillmentSpeed":["TOMORROW"],"fulfillmentType":"FC","groupMetaData":{"groupType":null,"groupSubType":null,"numberOfComponents":0,"groupComponents":null},"id":"3879HKUH4RET","itemType":null,"usItemId":"10309482","image":"https://i5.walmartimages.com/asr/d2b5b625-90ff-49c8-94d6-724edc31e756.bbe9d476e8155ebad74e491856665293.jpeg?odnHeight=180\u0026odnWidth=180\u0026odnBg=ffffff","isOutOfStock":false,"esrb":"","mediaRating":"","name":"Neutrogena Ultra Sheer Dry-Touch SPF 30 Sunscreen Lotion, 3 fl. oz","price":10.69,"preOrder":{"isPreOrder":false,"preOrderMessage":null,"preOrderStreetDateMessage":null},"priceInfo":{"itemPrice":"$17.54","linePrice":"$10.69","wasPrice":"$17.54","unitPrice":"$3.56/fl oz","shipPrice":"","minPrice":0,"minPriceForVariant":"","subscriptionPrice":"","subscriptionString":"","priceDisplayCondition":"","finalCostByWeight":false,"submapType":""},"rating":{"averageRating":4.5,"numberOfReviews":158},"salesUnit":"EACH","variantList":[],"isVariantTypeSwatch":false,"brand":null,"manufacturerName":null,"offerId":"0827AA3A88A2497CA88D4D564A8D13DB","fitmentLabel":"","isAtfMarker":false,"sellerId":"F55CDC31AB754BB68FE0B39041159D63","sellerName":"Walmart.com","hasSellerBadge":null,"seller":{"name":"Walmart.com","sellerId":"F55CDC31AB754BB68FE0B39041159D63"},"sponsoredProduct":null,"checkStoreAvailabilityATC":false,"seeShippingEligibility":false,"rewards":null},{"__typename":"Product","availabilityStatusDisplayValue":"In stock","productLocationDisplayValue":null,"externalInfoUrl":"","canonicalUrl":"/ip/Hawaiian-Tropic-Everyday-Active-Clear-Spray-Sunscreen-SPF-15-6-oz/42700921","canAddToCart":true,"showOptions":false,"showBuyNow":false,"description":"\u003cli\u003eBreathable, ultra light, and high-performance formula\u003c/li\u003e\u003cli\u003eSprays on clear\u003c/li\u003e\u003cli\u003eContinuous spray for fast application and twist lock top for no mess\u003c/li\u003e","flag":"","badge":{"text":"","id":"","type":"","key":""},"fulfillmentBadges":["1-day shipping"],"fulfillmentIcon":{"key":"SAVE_WITH_W_PLUS","label":"Save with"},"fulfillmentBadge":"Tomorrow","fulfillmentSpeed":["TOMORROW"],"fulfillmentType":"FC","groupMetaData":{"groupType":null,"groupSubType":null,"numberOfComponents":0,"groupComponents":null},"id":"4B3EDEGSUURQ","itemType":null,"usItemId":"42700921","image":"https://i5.walmartimages.com/asr/935dbfe2-4b41-42c6-bb15-78318553d528.04d00fd78b72a9f44a3f8679187d6782.jpeg?odnHeight=180\u0026odnWidth=180\u0026odnBg=ffffff","isOutOfStock":false,"esrb":"","mediaRating":"","name":"Hawaiian Tropic Everyday Active Clear Spray Sunscreen SPF 15, 6 oz","price":9.81,"preOrder":{"isPreOrder":false,"preOrderMessage":null,"preOrderStreetDateMessage":null},"priceInfo":{"itemPrice":"$14.57","linePrice":"$9.81","wasPrice":"$14.57","unitPrice":"$1.64/fl oz","shipPrice":"","minPrice":0,"minPriceForVariant":"","subscriptionPrice":"","subscriptionString":"","priceDisplayCondition":"","finalCostByWeight":false,"submapType":""},"rating":{"averageRating":4.3,"numberOfReviews":76},"salesUnit":"EACH","variantList":[],"isVariantTypeSwatch":false,"brand":null,"manufacturerName":null,"offerId":"A6CA202163E045AEAED2C6AFA0F06E7C","fitmentLabel":"","isAtfMarker":false,"sellerId":"F55CDC31AB754BB68FE0B39041159D63","sellerName":"Walmart.com","hasSellerBadge":null,"seller":{"name":"Walmart.com","sellerId":"F55CDC31AB754BB68FE0B39041159D63"},"sponsoredProduct":null,"checkStoreAvailabilityATC":false,"seeShippingEligibility":false,"rewards":null},{"__typename":"Product","availabilityStatusDisplayValue":"In stock","productLocationDisplayValue":null,"externalInfoUrl":"","canonicalUrl":"/ip/Cetaphil-Sheer-Sunscreen-Lotion-for-Face-Body-SPF-50-100-Mineral-UV-Filters-for-Sensitive-Skin-3-fl-oz/777036721","canAddToCart":true,"showOptions":false,"showBuyNow":false,"description":"\n\u003cli\u003eCETAPHIL SHEER MINERAL SUNSCREEN SPF 50: Nourishes sensitive skin while providing 100% mineral active sun protection.\u003c/li\u003e\n\u003cli\u003eMICROBIOME GENTLE FORMULA: Locks in moisture to hydrate and protect\u003c/li\u003e","flag":"","badge":{"text":"","id":"","type":"","key":""},"fulfillmentBadges":["3+ day shipping"],"fulfillmentBadge":"","fulfillmentSpeed":[],"fulfillmentType":"MARKETPLACE","groupMetaData":{"groupType":null,"groupSubType":null,"numberOfComponents":0,"groupComponents":null},"id":"4M8GZN6T5GP2","itemType":null,"usItemId":"777036721","image":"https://i5.walmartimages.com/asr/9c27cd25-0fe7-4844-b174-ea3e38b515d7.9db718e99fb1913fc4f3f632db7971ab.jpeg?odnHeight=180\u0026odnWidth=180\u0026odnBg=ffffff","isOutOfStock":false,"esrb":"","mediaRating":"","name":"Cetaphil Sheer Sunscreen Lotion for Face \u0026 Body, SPF 50, 100% Mineral UV Filters for Sensitive Skin, 3 fl oz","price":29.39,"preOrder":{"isPreOrder":false,"preOrderMessage":null,"preOrderStreetDateMessage":null},"priceInfo":{"itemPrice":"","linePrice":"$29.39","wasPrice":"","unitPrice":"","shipPrice":"","minPrice":0,"minPriceForVariant":"","subscriptionPrice":"","subscriptionString":"","priceDisplayCondition":"","finalCostByWeight":false,"submapType":""},"rating":{"averageRating":4.1,"numberOfReviews":104},"salesUnit":"EACH","variantList":[],"isVariantTypeSwatch":false,"brand":null,"manufacturerName":null,"offerId":"3EE470B5010D4B7398F2F2346D2E310C","fitmentLabel":"","isAtfMarker":false,"sellerId":"711AB3FCDF484D6992AF17E9471B4919","sellerName":"ARTIWCARE LLC","hasSellerBadge":null,"seller":{"name":"ARTIWCARE LLC","sellerId":"711AB3FCDF484D6992AF17E9471B4919"},"sponsoredProduct":null,"checkStoreAvailabilityATC":false,"seeShippingEligibility":false,"rewards":null},{"__typename":"Product","availabilityStatusDisplayValue":"In stock","productLocationDisplayValue":null,"externalInfoUrl":"","canonicalUrl":"/ip/Equate-Sport-Broad-Spectrum-Sunscreen-SPF-50-Twin-Pack/963321253?athbdg=L1200","canAddToCart":true,"showOptions":false,"showBuyNow":false,"description":"\u003cli\u003eBroad spectrum SPF 50 spray\u003c/li\u003e\u003cli\u003eWater and sweat resistant up to 80 minutes\u003c/li\u003e\u003cli\u003eParaben-free\u003c/li\u003e","flag":"Popular pick","badge":{"key":"CUSTOMER_PICK","text":"Popular pick","type":"LABEL","id":"L1200"},"fulfillmentBadges":["Pickup","Delivery","3+ day shipping"],"fulfillmentIcon":{"key":"SAVE_WITH_W_PLUS","label":"Save with"},"fulfillmentBadge":"Today","fulfillmentSpeed":["TODAY"],"fulfillmentType":"STORE","groupMetaData":{"groupType":null,"groupSubType":null,"numberOfComponents":0,"groupComponents":null},"id":"31GV2O8US62P","itemType":null,"usItemId":"963321253","image":"https://i5.walmartimages.com/asr/9de441e3-4817-4917-8677-afb48749b24f_1.98dfd162283ff2d2feb1cdac9187fbc8.jpeg?odnHeight=180\u0026odnWidth=180\u0026odnBg=FFFFFF","isOutOfStock":false,"esrb":"","mediaRating":"","name":"(2 twin packs) Equate Sport Broad Spectrum Sunscreen, SPF 50, Twin Pack","price":6.98,"preOrder":{"isPreOrder":false,"preOrderMessage":null,"preOrderStreetDateMessage":null},"priceInfo":{"itemPrice":"","linePrice":"$6.98","wasPrice":"","unitPrice":"","shipPrice":"","minPrice":0,"minPriceForVariant":"","subscriptionPrice":"","subscriptionString":"","priceDisplayCondition":"","finalCostByWeight":false,"submapType":""},"rating":{"averageRating":4.7,"numberOfReviews":148},"salesUnit":"EACH","variantList":[],"isVariantTypeSwatch":false,"brand":null,"manufacturerName":null,"offerId":"D3280A01058D479AB87E92BFB529DEA3","fitmentLabel":"","isAtfMarker":false,"sellerId":"F55CDC31AB754BB68FE0B39041159D63","sellerName":"Walmart.com","hasSellerBadge":null,"seller":{"name":"Walmart.com","sellerId":"F55CDC31AB754BB68FE0B39041159D63"},"sponsoredProduct":null,"checkStoreAvailabilityATC":false,"seeShippingEligibility":false,"rewards":null},{"__typename":"Product","availabilityStatusDisplayValue":"In stock","productLocationDisplayValue":null,"externalInfoUrl":"","canonicalUrl":"/ip/Equate-After-Sun-Soothing-Gel-With-Aloe-20-Oz/674535293?athbdg=L1600","canAddToCart":true,"showOptions":false,"showBuyNow":false,"description":"\u003cli\u003eRelieves irritation of dry, sunburned skin\u003c/li\u003e\u003cli\u003eHydrates and cools skin on contact\u003c/li\u003e\u003cli\u003eMoisturizes and soothes\u003c/li\u003e\u003cli\u003eHelps prevent peeling\u003c/li\u003e","flag":"Best seller","badge":{"key":"BESTSELLER","text":"Best seller","type":"LABEL","id":"L1600"},"fulfillmentBadges":["Pickup","Delivery","1-day shipping"],"fulfillmentIcon":{"key":"SAVE_WITH_W_PLUS","label":"Save with"},"fulfillmentBadge":"Today","fulfillmentSpeed":["TODAY"],"fulfillmentType":"STORE","groupMetaData":{"groupType":null,"groupSubType":null,"numberOfComponents":0,"groupComponents":null},"id":"6TDAACAZ6DDS","itemType":null,"usItemId":"674535293","image":"https://i5.walmartimages.com/asr/03984588-7abe-41a7-8c56-57395704f267.df9312b48a56f75b58d6bf941028366e.jpeg?odnHeight=180\u0026odnWidth=180\u0026odnBg=ffffff","isOutOfStock":false,"esrb":"","mediaRating":"","name":"Equate After Sun Soothing Gel With Aloe, 20 Oz.","price":3.98,"preOrder":{"isPreOrder":false,"preOrderMessage":null,"preOrderStreetDateMessage":null},"priceInfo":{"itemPrice":"","linePrice":"$3.98","wasPrice":"","unitPrice":"19.9 /oz","shipPrice":"","minPrice":0,"minPriceForVariant":"","subscriptionPrice":"","subscriptionString":"","priceDisplayCondition":"","finalCostByWeight":false,"submapType":""},"rating":{"averageRating":4.6,"numberOfReviews":446},"salesUnit":"EACH","variantList":[],"isVariantTypeSwatch":false,"brand":null,"manufacturerName":null,"offerId":"EA3AA583469847B0A9EEF139F5E528B3","fitmentLabel":"","isAtfMarker":false,"sellerId":"F55CDC31AB754BB68FE0B39041159D63","sellerName":"Walmart.com","hasSellerBadge":null,"seller":{"name":"Walmart.com","sellerId":"F55CDC31AB754BB68FE0B39041159D63"},"sponsoredProduct":null,"checkStoreAvailabilityATC":false,"seeShippingEligibility":false,"rewards":null},{"__typename":"Product","availabilityStatusDisplayValue":"In stock","productLocationDisplayValue":null,"externalInfoUrl":"","canonicalUrl":"/ip/Burt-s-Bees-Aloe-Coconut-Oil-After-Sun-Soother-6-Oz/10451600","canAddToCart":true,"showOptions":false,"showBuyNow":false,"description":"\u003cli\u003eAloe soothes and coconut oil hydrates\u003c/li\u003e\u003cli\u003eReplenishes and nourishes\u003c/li\u003e\u003cli\u003eGentle sunburn relief\u003c/li\u003e","flag":"","badge":{"text":"","id":"","type":"","key":""},"fulfillmentBadges":["1-day shipping"],"fulfillmentIcon":{"key":"SAVE_WITH_W_PLUS","label":"Save with"},"fulfillmentBadge":"Tomorrow","fulfillmentSpeed":["TOMORROW"],"fulfillmentType":"FC","groupMetaData":{"groupType":null,"groupSubType":null,"numberOfComponents":0,"groupComponents":null},"id":"5BXWFPQW414Z","itemType":null,"usItemId":"10451600","image":"https://i5.walmartimages.com/asr/e1922db1-238c-4419-963c-86745f4b1f98.3a3d4699d767db197ebf5568a4d1ba49.jpeg?odnHeight=180\u0026odnWidth=180\u0026odnBg=ffffff","isOutOfStock":false,"esrb":"","mediaRating":"","name":"Burt's Bees Aloe \u0026 Coconut Oil After-Sun Soother, 6 Oz","price":7.69,"preOrder":{"isPreOrder":false,"preOrderMessage":null,"preOrderStreetDateMessage":null},"priceInfo":{"itemPrice":"$10.02","linePrice":"$7.69","wasPrice":"$10.02","unitPrice":"$1.28/oz","shipPrice":"","minPrice":0,"minPriceForVariant":"","subscriptionPrice":"","subscriptionString":"","priceDisplayCondition":"","finalCostByWeight":false,"submapType":""},"rating":{"averageRating":4.8,"numberOfReviews":253},"salesUnit":"EACH","variantList":[],"isVariantTypeSwatch":false,"brand":null,"manufacturerName":null,"offerId":"6961CC80B53C48C3B3F527234C89AA6D","fitmentLabel":"","isAtfMarker":false,"sellerId":"F55CDC31AB754BB68FE0B39041159D63","sellerName":"Walmart.com","hasSellerBadge":null,"seller":{"name":"Walmart.com","sellerId":"F55CDC31AB754BB68FE0B39041159D63"},"sponsoredProduct":null,"checkStoreAvailabilityATC":false,"seeShippingEligibility":false,"rewards":null},{"__typename":"Product","availabilityStatusDisplayValue":"In stock","productLocationDisplayValue":null,"externalInfoUrl":"","canonicalUrl":"/ip/Neutrogena-Age-Shield-Face-Oil-Free-Sunscreen-SPF-70-3-fl-oz/10309499?athbdg=L1600","canAddToCart":true,"showOptions":false,"showBuyNow":false,"description":"\u003cli\u003eOil-free sheer anti-aging face sunscreen\u003c/li\u003e\u003cli\u003eBroad spectrum SPF 70 facial sunscreen\u003c/li\u003e\u003cli\u003eHelps moisturize and hydrate skin\u003c/li\u003e\u003c/li\u003e","flag":"Best seller","badge":{"key":"BESTSELLER","text":"Best seller","type":"LABEL","id":"L1600"},"fulfillmentBadges":["Pickup","Delivery","2-day shipping"],"fulfillmentIcon":{"key":"SAVE_WITH_W_PLUS","label":"Save with"},"fulfillmentBadge":"Today","fulfillmentSpeed":["TODAY"],"fulfillmentType":"STORE","groupMetaData":{"groupType":null,"groupSubType":null,"numberOfComponents":0,"groupComponents":null},"id":"557VAYDBZDQ9","itemType":null,"usItemId":"10309499","image":"https://i5.walmartimages.com/asr/5ca8a3b3-dbd1-41e2-b4f3-d7ef7022eb75.b92ee03ef3f4b83344d4c6c0c79c6e4e.jpeg?odnHeight=180\u0026odnWidth=180\u0026odnBg=ffffff","isOutOfStock":false,"esrb":"","mediaRating":"","name":"Neutrogena Age Shield Face Oil-Free Sunscreen SPF 70, 3 fl. oz","price":8.97,"preOrder":{"isPreOrder":false,"preOrderMessage":null,"preOrderStreetDateMessage":null},"priceInfo":{"itemPrice":"$13.50","linePrice":"$8.97","wasPrice":"$13.50","unitPrice":"","shipPrice":"","minPrice":0,"minPriceForVariant":"","subscriptionPrice":"","subscriptionString":"","priceDisplayCondition":"","finalCostByWeight":false,"submapType":""},"rating":{"averageRating":4.5,"numberOfReviews":381},"salesUnit":"EACH","variantList":[],"isVariantTypeSwatch":false,"brand":null,"manufacturerName":null,"offerId":"48513CC501F74664B31797C8F394F0B7","fitmentLabel":"","isAtfMarker":false,"sellerId":"F55CDC31AB754BB68FE0B39041159D63","sellerName":"Walmart.com","hasSellerBadge":null,"seller":{"name":"Walmart.com","sellerId":"F55CDC31AB754BB68FE0B39041159D63"},"sponsoredProduct":null,"checkStoreAvailabilityATC":false,"seeShippingEligibility":false,"rewards":null},{"__typename":"Product","availabilityStatusDisplayValue":"In stock","productLocationDisplayValue":null,"externalInfoUrl":"","canonicalUrl":"/ip/Banana-Boat-After-Sun-Aloe-Spray-Free-From-Alcohol-6oz/540992630","canAddToCart":true,"showOptions":false,"showBuyNow":false,"description":"\u003cli\u003ePackaging may vary.\u003c/li\u003e","flag":"","badge":{"text":"","id":"","type":"","key":""},"fulfillmentBadges":["Pickup","Delivery"],"fulfillmentIcon":{"key":"SAVE_WITH_W_PLUS","label":"Save with"},"fulfillmentBadge":"Today","fulfillmentSpeed":["TODAY"],"fulfillmentType":"STORE","groupMetaData":{"groupType":null,"groupSubType":null,"numberOfComponents":0,"groupComponents":null},"id":"3HMBDGDHR59G","itemType":null,"usItemId":"540992630","image":"https://i5.walmartimages.com/asr/5ee26d45-04f7-4061-a5ae-d49124812fd3.7154df4df2f7ed0dd9a7d8d2540f98a4.jpeg?odnHeight=180\u0026odnWidth=180\u0026odnBg=ffffff","isOutOfStock":false,"esrb":"","mediaRating":"","name":"Banana Boat After Sun Aloe Spray, Free From Alcohol, 6oz.","price":7.97,"preOrder":{"isPreOrder":false,"preOrderMessage":null,"preOrderStreetDateMessage":null},"priceInfo":{"itemPrice":"","linePrice":"$7.97","wasPrice":"","unitPrice":"$1.33/fl oz","shipPrice":"","minPrice":0,"minPriceForVariant":"","subscriptionPrice":"","subscriptionString":"","priceDisplayCondition":"","finalCostByWeight":false,"submapType":""},"rating":{"averageRating":4.3,"numberOfReviews":15},"salesUnit":"EACH","variantList":[],"isVariantTypeSwatch":false,"brand":null,"manufacturerName":null,"offerId":"413B72D132DF445C8AADB241C2BE918B","fitmentLabel":"","isAtfMarker":true,"sellerId":"F55CDC31AB754BB68FE0B39041159D63","sellerName":"Walmart.com","hasSellerBadge":null,"seller":{"name":"Walmart.com","sellerId":"F55CDC31AB754BB68FE0B39041159D63"},"sponsoredProduct":null,"checkStoreAvailabilityATC":false,"seeShippingEligibility":false,"rewards":null},{"__typename":"Product","availabilityStatusDisplayValue":"In stock","productLocationDisplayValue":"F24","externalInfoUrl":"","canonicalUrl":"/ip/Hello-Bello-Mineral-Face-Body-Sunscreen-Stick-30-SPF-1-fl-oz/206145363","canAddToCart":true,"showOptions":false,"showBuyNow":false,"description":"","flag":"","badge":{"text":"","id":"","type":"","key":""},"fulfillmentBadges":["Pickup","Delivery"],"fulfillmentIcon":{"key":"SAVE_WITH_W_PLUS","label":"Save with"},"fulfillmentBadge":"","fulfillmentSpeed":[],"fulfillmentType":"STORE","groupMetaData":{"groupType":null,"groupSubType":null,"numberOfComponents":0,"groupComponents":null},"id":"2G684L76C68T","itemType":null,"usItemId":"206145363","image":"https://i5.walmartimages.com/asr/5454ca26-e38f-4303-ab29-b2fd1585e0e9.6cbc3e55a555e0ca8260e08d16226495.png?odnHeight=180\u0026odnWidth=180\u0026odnBg=FFFFFF","isOutOfStock":false,"esrb":"","mediaRating":"","name":"Hello Bello Mineral Face + Body Sunscreen Stick, 30 SPF, 1 fl oz","price":9.78,"preOrder":{"isPreOrder":false,"preOrderMessage":null,"preOrderStreetDateMessage":null},"priceInfo":{"itemPrice":"","linePrice":"$9.78","wasPrice":"","unitPrice":"$9.78/fl oz","shipPrice":"","minPrice":0,"minPriceForVariant":"","subscriptionPrice":"","subscriptionString":"","priceDisplayCondition":"","finalCostByWeight":false,"submapType":""},"rating":{"averageRating":4.5,"numberOfReviews":52},"salesUnit":"EACH","variantList":[],"isVariantTypeSwatch":false,"brand":null,"manufacturerName":null,"offerId":"10C7BC60FD254A1C9FEDA56DE0CA36A8","fitmentLabel":"","isAtfMarker":false,"sellerId":"F55CDC31AB754BB68FE0B39041159D63","sellerName":"Walmart.com","hasSellerBadge":null,"seller":{"name":"Walmart.com","sellerId":"F55CDC31AB754BB68FE0B39041159D63"},"sponsoredProduct":{"spQs":"HzUd5wFdNOlgT42GsScmhfGg94nTODtEbulBjhTN2HGvt3P6Z2XBIiexg9WMA5PEp8rym01f3P1qP3EIk26DESboagWh56kMQrm7djSxgdNhdjAXAZOPoTIfG7L-N5bNsVMQPk9DHFWq6WlgAEr-_iBFGRWazOTTgHHQf0M-Slc","clickBeacon":"https://wrd.walmart.com/track?rdf=0\u0026adUid=7d9e99fa-7045-44dc-a614-01526caa2a60\u0026plmt=__plmt__\u0026tax=1005862_1001508\u0026pltfm=desktop\u0026eventST=__eventST__\u0026pgId=1005862_1001508\u0026spQs=HzUd5wFdNOlgT42GsScmhfGg94nTODtEbulBjhTN2HGvt3P6Z2XBIiexg9WMA5PEp8rym01f3P1qP3EIk26DESboagWh56kMQrm7djSxgdNhdjAXAZOPoTIfG7L-N5bNsVMQPk9DHFWq6WlgAEr-_iBFGRWazOTTgHHQf0M-Slc\u0026storeId=3081\u0026pt=browse\u0026pos=__pos__\u0026bt=__bt__\u0026mloc=sp-browse-middle\u0026bkt=2478","spTags":null},"checkStoreAvailabilityATC":false,"seeShippingEligibility":true,"rewards":null},{"__typename":"Product","availabilityStatusDisplayValue":"In stock","productLocationDisplayValue":null,"externalInfoUrl":"","canonicalUrl":"/ip/Alba-Botanica-Hawaiian-Sunscreen-Lotion-SPF-30-Aloe-Vera-4-oz/24819837","canAddToCart":true,"showOptions":false,"showBuyNow":false,"description":"","flag":"","badge":{"text":"","id":"","type":"","key":""},"fulfillmentBadges":["1-day shipping"],"fulfillmentIcon":{"key":"SAVE_WITH_W_PLUS","label":"Save with"},"fulfillmentBadge":"","fulfillmentSpeed":[],"fulfillmentType":"FC","groupMetaData":{"groupType":null,"groupSubType":null,"numberOfComponents":0,"groupComponents":null},"id":"6CNWPTTWEJ6W","itemType":null,"usItemId":"24819837","image":"https://i5.walmartimages.com/asr/c659d646-a45d-4bf2-915f-9009152c70ed.c16d2dd01476c0e1a2e3df8a1995d4aa.jpeg?odnHeight=180\u0026odnWidth=180\u0026odnBg=FFFFFF","isOutOfStock":false,"esrb":"","mediaRating":"","name":"Alba Botanica Hawaiian Sunscreen Lotion SPF 30, Aloe Vera, 4 oz.","price":8.44,"preOrder":{"isPreOrder":false,"preOrderMessage":null,"preOrderStreetDateMessage":null},"priceInfo":{"itemPrice":"$10.84","linePrice":"$8.44","wasPrice":"$10.84","unitPrice":"$2.11/oz","shipPrice":"","minPrice":0,"minPriceForVariant":"","subscriptionPrice":"","subscriptionString":"","priceDisplayCondition":"","finalCostByWeight":false,"submapType":""},"rating":{"averageRating":4.6,"numberOfReviews":71},"salesUnit":"EACH","variantList":[],"isVariantTypeSwatch":false,"brand":null,"manufacturerName":null,"offerId":"6357889D9B7D468A9876DAB3EDB49AEF","fitmentLabel":"","isAtfMarker":false,"sellerId":"F55CDC31AB754BB68FE0B39041159D63","sellerName":"Walmart.com","hasSellerBadge":null,"seller":{"name":"Walmart.com","sellerId":"F55CDC31AB754BB68FE0B39041159D63"},"sponsoredProduct":{"spQs":"DgL9lzxyUYPIIO-AY0FUNR30ZUJqhaMM6W48EcmjmI6_hmc2xDcvIfQql2Ke7mlUB5eJzy9cYKtwz8323IrPri5vjeo8KpBMw_ibSySsHKBG-iTJhm1Eth5EC4AGaidoila_lsPM5k1X9h_8GnSmZl7zoSiypwJWZuvaoiBaZSI","clickBeacon":"https://wrd.walmart.com/track?rdf=0\u0026adUid=7d9e99fa-7045-44dc-a614-01526caa2a60\u0026plmt=__plmt__\u0026tax=1005862_1001508\u0026pltfm=desktop\u0026eventST=__eventST__\u0026pgId=1005862_1001508\u0026spQs=DgL9lzxyUYPIIO-AY0FUNR30ZUJqhaMM6W48EcmjmI6_hmc2xDcvIfQql2Ke7mlUB5eJzy9cYKtwz8323IrPri5vjeo8KpBMw_ibSySsHKBG-iTJhm1Eth5EC4AGaidoila_lsPM5k1X9h_8GnSmZl7zoSiypwJWZuvaoiBaZSI\u0026storeId=3081\u0026pt=browse\u0026pos=__pos__\u0026bt=__bt__\u0026mloc=sp-browse-middle\u0026bkt=2478","spTags":null},"checkStoreAvailabilityATC":false,"seeShippingEligibility":false,"rewards":null},{"__typename":"Product","availabilityStatusDisplayValue":"In stock","productLocationDisplayValue":null,"externalInfoUrl":"","canonicalUrl":"/ip/Coppertone-Tanning-Sunscreen-Lotion-SPF-15-Broad-Spectrum-Sunscreen-8-Fl-Oz/490556707","canAddToCart":true,"showOptions":false,"showBuyNow":false,"description":"\u003cli\u003eCoppertone Tanning Sunscreen Lotion\u003c/li\u003e\u003cli\u003eSPF 15 Broad Spectrum sunscreen\u003c/li\u003e\u003cli\u003e8 fluid ounce bottle\u003c/li\u003e","flag":"","badge":{"text":"","id":"","type":"","key":""},"fulfillmentBadges":["1-day shipping"],"fulfillmentIcon":{"key":"SAVE_WITH_W_PLUS","label":"Save with"},"fulfillmentBadge":"Tomorrow","fulfillmentSpeed":["TOMORROW"],"fulfillmentType":"FC","groupMetaData":{"groupType":null,"groupSubType":null,"numberOfComponents":0,"groupComponents":null},"id":"5U9497A8V9NO","itemType":null,"usItemId":"490556707","image":"https://i5.walmartimages.com/asr/cf4b83fc-cb30-49a8-896f-eca5efba539b.b5a115192c23d0fef5c5000f942de43f.jpeg?odnHeight=180\u0026odnWidth=180\u0026odnBg=ffffff","isOutOfStock":false,"esrb":"","mediaRating":"","name":"Coppertone Tanning Sunscreen Lotion, SPF 15 Broad Spectrum Sunscreen, 8 Fl Oz","price":6.97,"preOrder":{"isPreOrder":false,"preOrderMessage":null,"preOrderStreetDateMessage":null},"priceInfo":{"itemPrice":"","linePrice":"$6.97","wasPrice":"","unitPrice":"87.1 /fl oz","shipPrice":"","minPrice":0,"minPriceForVariant":"","subscriptionPrice":"","subscriptionString":"","priceDisplayCondition":"","finalCostByWeight":false,"submapType":""},"rating":{"averageRating":0,"numberOfReviews":0},"salesUnit":"EACH","variantList":[],"isVariantTypeSwatch":false,"brand":null,"manufacturerName":null,"offerId":"21FAAEC318114113954B2EAC271B8132","fitmentLabel":"","isAtfMarker":false,"sellerId":"F55CDC31AB754BB68FE0B39041159D63","sellerName":"Walmart.com","hasSellerBadge":null,"seller":{"name":"Walmart.com","sellerId":"F55CDC31AB754BB68FE0B39041159D63"},"sponsoredProduct":null,"checkStoreAvailabilityATC":false,"seeShippingEligibility":false,"rewards":null},{"__typename":"Product","availabilityStatusDisplayValue":"In stock","productLocationDisplayValue":null,"externalInfoUrl":"","canonicalUrl":"/ip/CP-GLOW-PT-LTN-SPF45-5FLOZ/776394873","canAddToCart":true,"showOptions":false,"showBuyNow":false,"description":"Coppertone Glow Protect \u0026 Tan Spf 45","flag":"","badge":{"text":"","id":"","type":"","key":""},"fulfillmentBadges":["Pickup","Delivery"],"fulfillmentIcon":{"key":"SAVE_WITH_W_PLUS","label":"Save with"},"fulfillmentBadge":"Today","fulfillmentSpeed":["TODAY"],"fulfillmentType":"STORE","groupMetaData":{"groupType":null,"groupSubType":null,"numberOfComponents":0,"groupComponents":null},"id":"25UYVJYWCW45","itemType":null,"usItemId":"776394873","image":"https://i5.walmartimages.com/asr/a7670858-1f8a-41a7-b5d6-351c0543ee70.57353dd8dcdf9c2cb63e4a06c05ca98e.jpeg?odnHeight=180\u0026odnWidth=180\u0026odnBg=ffffff","isOutOfStock":false,"esrb":"","mediaRating":"","name":"CP GLOW PT LTN SPF45 5FLOZ","price":8.98,"preOrder":{"isPreOrder":false,"preOrderMessage":null,"preOrderStreetDateMessage":null},"priceInfo":{"itemPrice":"","linePrice":"$8.98","wasPrice":"","unitPrice":"$1.80/fl oz","shipPrice":"","minPrice":0,"minPriceForVariant":"","subscriptionPrice":"","subscriptionString":"","priceDisplayCondition":"","finalCostByWeight":false,"submapType":""},"rating":{"averageRating":0,"numberOfReviews":0},"salesUnit":"EACH","variantList":[],"isVariantTypeSwatch":false,"brand":null,"manufacturerName":null,"offerId":"2AE232DDB8154A438F691B69E781104C","fitmentLabel":"","isAtfMarker":false,"sellerId":"F55CDC31AB754BB68FE0B39041159D63","sellerName":"Walmart.com","hasSellerBadge":null,"seller":{"name":"Walmart.com","sellerId":"F55CDC31AB754BB68FE0B39041159D63"},"sponsoredProduct":null,"checkStoreAvailabilityATC":false,"seeShippingEligibility":false,"rewards":null},{"__typename":"Product","availabilityStatusDisplayValue":"In stock","productLocationDisplayValue":null,"externalInfoUrl":"","canonicalUrl":"/ip/Jergens-Natural-Glow-Firming-Sunless-Tanning-Daily-Moisturizing-Body-Lotion-Fair-to-Medium-Skin-Tone-7-5-fl-oz/10295460?athbdg=L1600","canAddToCart":true,"showOptions":false,"showBuyNow":false,"description":"\u003cli\u003eJergens Natural Glow, Firming Daily Moisturizer Fair to Medium Skin Tones - 7.5 oz\u003c/li\u003e\u003cli\u003eJergens\u003c/li\u003e\u003cli\u003eCreates natural-looking color that's gradual, flawless and captivating.\u003c/li\u003e","flag":"Best seller","badge":{"key":"BESTSELLER","text":"Best seller","type":"LABEL","id":"L1600"},"fulfillmentBadges":["Pickup","Delivery","2-day shipping"],"fulfillmentIcon":{"key":"SAVE_WITH_W_PLUS","label":"Save with"},"fulfillmentBadge":"Today","fulfillmentSpeed":["TODAY"],"fulfillmentType":"STORE","groupMetaData":{"groupType":null,"groupSubType":null,"numberOfComponents":0,"groupComponents":null},"id":"64YE5T5QZD49","itemType":null,"usItemId":"10295460","image":"https://i5.walmartimages.com/asr/81209e4f-ab14-4100-8842-7ef4586c2c1b.7452ac1982bc4aa681bd09ec9a232033.jpeg?odnHeight=180\u0026odnWidth=180\u0026odnBg=ffffff","isOutOfStock":false,"esrb":"","mediaRating":"","name":"Jergens Natural Glow + Firming Sunless Tanning Daily Moisturizing Body Lotion, Fair to Medium Skin Tone, 7.5 fl oz","price":8.64,"preOrder":{"isPreOrder":false,"preOrderMessage":null,"preOrderStreetDateMessage":null},"priceInfo":{"itemPrice":"","linePrice":"$8.64","wasPrice":"","unitPrice":"$1.15/fl oz","shipPrice":"","minPrice":0,"minPriceForVariant":"","subscriptionPrice":"","subscriptionString":"","priceDisplayCondition":"","finalCostByWeight":false,"submapType":""},"rating":{"averageRating":4.3,"numberOfReviews":1134},"salesUnit":"EACH","variantList":[],"isVariantTypeSwatch":false,"brand":null,"manufacturerName":null,"offerId":"01C613C645094241BAEB67B5E6B5E8ED","fitmentLabel":"","isAtfMarker":false,"sellerId":"F55CDC31AB754BB68FE0B39041159D63","sellerName":"Walmart.com","hasSellerBadge":null,"seller":{"name":"Walmart.com","sellerId":"F55CDC31AB754BB68FE0B39041159D63"},"sponsoredProduct":null,"checkStoreAvailabilityATC":false,"seeShippingEligibility":false,"rewards":null},{"__typename":"Product","availabilityStatusDisplayValue":"In stock","productLocationDisplayValue":null,"externalInfoUrl":"","canonicalUrl":"/ip/37-Value-EltaMD-UV-Clear-Broad-Spectrum-SPF-46-1-7-oz/123759191?athbdg=L1600","canAddToCart":true,"showOptions":false,"showBuyNow":false,"description":"\u003cli\u003e9.0% transparent zinc oxide\u003c/li\u003e\u003cli\u003eAntioxidant protection combats skin-aging free radicals associated with ultraviolet (UV) and infrared radiation (IR).\u003c/li\u003e\u003cli\u003eCalms and protects acne-prone\u003c/li\u003e","flag":"Best seller","badge":{"key":"BESTSELLER","text":"Best seller","type":"LABEL","id":"L1600"},"fulfillmentBadges":["3+ day shipping"],"fulfillmentBadge":"","fulfillmentSpeed":[],"fulfillmentType":"MARKETPLACE","groupMetaData":{"groupType":null,"groupSubType":null,"numberOfComponents":0,"groupComponents":null},"id":"3RWCF3ZY2IQF","itemType":null,"usItemId":"123759191","image":"https://i5.walmartimages.com/asr/26d35bfe-c1c8-44e1-bc32-f6e87fbbd4f1_1.3616b72e3194144201d1a92d87c4a985.jpeg?odnHeight=180\u0026odnWidth=180\u0026odnBg=ffffff","isOutOfStock":false,"esrb":"","mediaRating":"","name":"($37 Value) EltaMD UV Clear Broad-Spectrum SPF 46, 1.7 oz","price":20.93,"preOrder":{"isPreOrder":false,"preOrderMessage":null,"preOrderStreetDateMessage":null},"priceInfo":{"itemPrice":"","linePrice":"$20.93","wasPrice":"","unitPrice":"","shipPrice":"","minPrice":0,"minPriceForVariant":"","subscriptionPrice":"","subscriptionString":"","priceDisplayCondition":"","finalCostByWeight":false,"submapType":""},"rating":{"averageRating":4.6,"numberOfReviews":474},"salesUnit":"EACH","variantList":[],"isVariantTypeSwatch":false,"brand":null,"manufacturerName":null,"offerId":"D2AD2E6685424B90AC69BBE432624440","fitmentLabel":"","isAtfMarker":false,"sellerId":"087828894ADB4768AADC9DF6848AB5ED","sellerName":"BUCKE","hasSellerBadge":null,"seller":{"name":"BUCKE","sellerId":"087828894ADB4768AADC9DF6848AB5ED"},"sponsoredProduct":null,"checkStoreAvailabilityATC":false,"seeShippingEligibility":false,"rewards":null},{"__typename":"Product","availabilityStatusDisplayValue":"In stock","productLocationDisplayValue":null,"externalInfoUrl":"","canonicalUrl":"/ip/b-tan-i-don-t-want-tan-on-my-hands-tanning-mitt-washable-reusable/346366761?athbdg=L1600","canAddToCart":true,"showOptions":false,"showBuyNow":false,"description":"B.tan Tanning Mitt","flag":"Best seller","badge":{"key":"BESTSELLER","text":"Best seller","type":"LABEL","id":"L1600"},"fulfillmentBadges":["Pickup","Delivery","1-day shipping"],"fulfillmentIcon":{"key":"SAVE_WITH_W_PLUS","label":"Save with"},"fulfillmentBadge":"Today","fulfillmentSpeed":["TODAY"],"fulfillmentType":"STORE","groupMetaData":{"groupType":null,"groupSubType":null,"numberOfComponents":0,"groupComponents":null},"id":"3GISNE1PX5D1","itemType":null,"usItemId":"346366761","image":"https://i5.walmartimages.com/asr/dc744fc2-5801-4cdc-bb55-13afdf2769c1.5a37a0d964c97a3a18d95564834310be.jpeg?odnHeight=180\u0026odnWidth=180\u0026odnBg=ffffff","isOutOfStock":false,"esrb":"","mediaRating":"","name":"b.tan i don't want tan on my hands tanning mitt, washable + reusable","price":5.97,"preOrder":{"isPreOrder":false,"preOrderMessage":null,"preOrderStreetDateMessage":null},"priceInfo":{"itemPrice":"","linePrice":"$5.97","wasPrice":"","unitPrice":"","shipPrice":"","minPrice":0,"minPriceForVariant":"","subscriptionPrice":"","subscriptionString":"","priceDisplayCondition":"","finalCostByWeight":false,"submapType":""},"rating":{"averageRating":4.8,"numberOfReviews":169},"salesUnit":"EACH","variantList":[],"isVariantTypeSwatch":false,"brand":null,"manufacturerName":null,"offerId":"9A1D2B4D332A484FBD30E10A3A79592A","fitmentLabel":"","isAtfMarker":false,"sellerId":"F55CDC31AB754BB68FE0B39041159D63","sellerName":"Walmart.com","hasSellerBadge":null,"seller":{"name":"Walmart.com","sellerId":"F55CDC31AB754BB68FE0B39041159D63"},"sponsoredProduct":null,"checkStoreAvailabilityATC":false,"seeShippingEligibility":false,"rewards":null},{"__typename":"Product","availabilityStatusDisplayValue":"In stock","productLocationDisplayValue":null,"externalInfoUrl":"","canonicalUrl":"/ip/b-tan-beach-please-spf-7-dry-spray-tanning-oil-with-marula-argan-oil/297280220","canAddToCart":true,"showOptions":false,"showBuyNow":false,"description":"\u003cli\u003eB.TAN - Beach Please\u003c/li\u003e\u003cli\u003eB.tan - Beach Please\u003c/li\u003e","flag":"","badge":{"text":"","id":"","type":"","key":""},"fulfillmentBadges":["Pickup","Delivery","1-day shipping"],"fulfillmentIcon":{"key":"SAVE_WITH_W_PLUS","label":"Save with"},"fulfillmentBadge":"Today","fulfillmentSpeed":["TODAY"],"fulfillmentType":"STORE","groupMetaData":{"groupType":null,"groupSubType":null,"numberOfComponents":0,"groupComponents":null},"id":"65V4RSRXUW11","itemType":null,"usItemId":"297280220","image":"https://i5.walmartimages.com/asr/844b9ba9-a601-4e89-bd26-927825d07ef3.d70184ea39ad1d9fe92e07b07a97360d.jpeg?odnHeight=180\u0026odnWidth=180\u0026odnBg=ffffff","isOutOfStock":false,"esrb":"","mediaRating":"","name":"b.tan beach please spf 7 dry spray tanning oil with marula + argan oil","price":9.97,"preOrder":{"isPreOrder":false,"preOrderMessage":null,"preOrderStreetDateMessage":null},"priceInfo":{"itemPrice":"","linePrice":"$9.97","wasPrice":"","unitPrice":"$1.25/fl oz","shipPrice":"","minPrice":0,"minPriceForVariant":"","subscriptionPrice":"","subscriptionString":"","priceDisplayCondition":"","finalCostByWeight":false,"submapType":""},"rating":{"averageRating":0,"numberOfReviews":0},"salesUnit":"EACH","variantList":[],"isVariantTypeSwatch":false,"brand":null,"manufacturerName":null,"offerId":"DB029FFD89A84A4E990A4D2F678E7280","fitmentLabel":"","isAtfMarker":false,"sellerId":"F55CDC31AB754BB68FE0B39041159D63","sellerName":"Walmart.com","hasSellerBadge":null,"seller":{"name":"Walmart.com","sellerId":"F55CDC31AB754BB68FE0B39041159D63"},"sponsoredProduct":null,"checkStoreAvailabilityATC":false,"seeShippingEligibility":false,"rewards":null},{"__typename":"Product","availabilityStatusDisplayValue":"In stock","productLocationDisplayValue":null,"externalInfoUrl":"","canonicalUrl":"/ip/Eucerin-Advanced-Hydration-SPF-50-Sunscreen-Spray-6-Fl-Oz-Spray-Bottle/131984769","canAddToCart":true,"showOptions":false,"showBuyNow":false,"description":"\u003cli\u003eAdvanced Hydration SPF 50 Sunscreen Spray from Eucerin Sun\u003c/li\u003e\u003cli\u003eProvides advanced sun protection and all-day hydration\u003c/li\u003e\u003cli\u003eOne 6 fl oz spray bottle\u003c/li\u003e","flag":"","badge":{"text":"","id":"","type":"","key":""},"fulfillmentBadges":["Pickup","Delivery"],"fulfillmentIcon":{"key":"SAVE_WITH_W_PLUS","label":"Save with"},"fulfillmentBadge":"Today","fulfillmentSpeed":["TODAY"],"fulfillmentType":"STORE","groupMetaData":{"groupType":null,"groupSubType":null,"numberOfComponents":0,"groupComponents":null},"id":"49U1IL84J8NO","itemType":null,"usItemId":"131984769","image":"https://i5.walmartimages.com/asr/3a17c455-ffee-4cf3-bf1e-47b42745abdd.93401792006dcd57145145ac0a54dc51.jpeg?odnHeight=180\u0026odnWidth=180\u0026odnBg=ffffff","isOutOfStock":false,"esrb":"","mediaRating":"","name":"Eucerin Advanced Hydration SPF 50 Sunscreen Spray, 6 Fl Oz Spray Bottle","price":13.98,"preOrder":{"isPreOrder":false,"preOrderMessage":null,"preOrderStreetDateMessage":null},"priceInfo":{"itemPrice":"","linePrice":"$13.98","wasPrice":"","unitPrice":"$2.33/fl oz","shipPrice":"","minPrice":0,"minPriceForVariant":"","subscriptionPrice":"","subscriptionString":"","priceDisplayCondition":"","finalCostByWeight":false,"submapType":""},"rating":{"averageRating":0,"numberOfReviews":0},"salesUnit":"EACH","variantList":[],"isVariantTypeSwatch":false,"brand":null,"manufacturerName":null,"offerId":"653A81E6151C43039F2EEE505EEE9BF2","fitmentLabel":"","isAtfMarker":false,"sellerId":"F55CDC31AB754BB68FE0B39041159D63","sellerName":"Walmart.com","hasSellerBadge":null,"seller":{"name":"Walmart.com","sellerId":"F55CDC31AB754BB68FE0B39041159D63"},"sponsoredProduct":null,"checkStoreAvailabilityATC":false,"seeShippingEligibility":false,"rewards":null},{"__typename":"Product","availabilityStatusDisplayValue":"In stock","productLocationDisplayValue":null,"externalInfoUrl":"","canonicalUrl":"/ip/Neutrogena-Pure-Free-Baby-Mineral-Sunscreen-Stick-SPF-50-0-47-oz/897628650","canAddToCart":true,"showOptions":false,"showBuyNow":false,"description":"\u003cli\u003e0.47-ounces of Neutrogena Pure \u0026 Free Baby Mineral Sunscreen Stick with Broad Spectrum SPF 50 with zinc oxide provides baby with superior sun protection against harmful UVA \u0026 UVB rays to prevent\u003c/li\u003e","flag":"","badge":{"text":"","id":"","type":"","key":""},"fulfillmentBadges":["Pickup","Delivery"],"fulfillmentIcon":{"key":"SAVE_WITH_W_PLUS","label":"Save with"},"fulfillmentBadge":"Today","fulfillmentSpeed":["TODAY"],"fulfillmentType":"STORE","groupMetaData":{"groupType":null,"groupSubType":null,"numberOfComponents":0,"groupComponents":null},"id":"590NQWBM5QTD","itemType":null,"usItemId":"897628650","image":"https://i5.walmartimages.com/asr/0251a89e-5329-4b21-8e33-2b3f31a4d78f.5436ed305a3919d58dc47ba9320189eb.jpeg?odnHeight=180\u0026odnWidth=180\u0026odnBg=ffffff","isOutOfStock":false,"esrb":"","mediaRating":"","name":"Neutrogena Pure \u0026 Free Baby Mineral Sunscreen Stick, SPF 50, 0.47 oz","price":7.97,"preOrder":{"isPreOrder":false,"preOrderMessage":null,"preOrderStreetDateMessage":null},"priceInfo":{"itemPrice":"$9.41","linePrice":"$7.97","wasPrice":"$9.41","unitPrice":"$16.96/fl oz","shipPrice":"","minPrice":0,"minPriceForVariant":"","subscriptionPrice":"","subscriptionString":"","priceDisplayCondition":"","finalCostByWeight":false,"submapType":""},"rating":{"averageRating":4.6,"numberOfReviews":16},"salesUnit":"EACH","variantList":[],"isVariantTypeSwatch":false,"brand":null,"manufacturerName":null,"offerId":"4841CFA8B78C409B8C49DD7DDBBAA957","fitmentLabel":"","isAtfMarker":false,"sellerId":"F55CDC31AB754BB68FE0B39041159D63","sellerName":"Walmart.com","hasSellerBadge":null,"seller":{"name":"Walmart.com","sellerId":"F55CDC31AB754BB68FE0B39041159D63"},"sponsoredProduct":null,"checkStoreAvailabilityATC":false,"seeShippingEligibility":false,"rewards":null},{"__typename":"Product","availabilityStatusDisplayValue":"In stock","productLocationDisplayValue":"F24","externalInfoUrl":"","canonicalUrl":"/ip/Cetaphil-Sheer-Mineral-Sunscreen-Stick-SPF-50/278669272","canAddToCart":true,"showOptions":false,"showBuyNow":false,"description":"","flag":"","badge":{"text":"","id":"","type":"","key":""},"fulfillmentBadges":["Pickup","Delivery","1-day shipping"],"fulfillmentIcon":{"key":"SAVE_WITH_W_PLUS","label":"Save with"},"fulfillmentBadge":"","fulfillmentSpeed":[],"fulfillmentType":"STORE","groupMetaData":{"groupType":null,"groupSubType":null,"numberOfComponents":0,"groupComponents":null},"id":"35181ZJPPDI0","itemType":null,"usItemId":"278669272","image":"https://i5.walmartimages.com/asr/de9139ce-bf24-4f42-b500-3ecf2490b746.6d3088fb5dfb8781951959603ee3d356.jpeg?odnHeight=180\u0026odnWidth=180\u0026odnBg=FFFFFF","isOutOfStock":false,"esrb":"","mediaRating":"","name":"Cetaphil Sheer Mineral Sunscreen Stick SPF 50","price":7.97,"preOrder":{"isPreOrder":false,"preOrderMessage":null,"preOrderStreetDateMessage":null},"priceInfo":{"itemPrice":"","linePrice":"$7.97","wasPrice":"","unitPrice":"$15.94/fl oz","shipPrice":"","minPrice":0,"minPriceForVariant":"","subscriptionPrice":"","subscriptionString":"","priceDisplayCondition":"","finalCostByWeight":false,"submapType":""},"rating":{"averageRating":4.5,"numberOfReviews":88},"salesUnit":"EACH","variantList":[],"isVariantTypeSwatch":false,"brand":null,"manufacturerName":null,"offerId":"170077553BC64113B044E384DFDD4856","fitmentLabel":"","isAtfMarker":false,"sellerId":"F55CDC31AB754BB68FE0B39041159D63","sellerName":"Walmart.com","hasSellerBadge":null,"seller":{"name":"Walmart.com","sellerId":"F55CDC31AB754BB68FE0B39041159D63"},"sponsoredProduct":{"spQs":"azffLfvhe2rnFMamQ8gGV5-hFZzZ0kwD8l5-giqwbmTur1MYFuf57KzXLEywOOG-baLFdJd_4nsZnxpDTeg3UIewxkIAKz8gDd8Hvopk6NtkiRWWYV3aKq0AyRbOKvEetIIBJacl4QW3w93CXGhEnFjf_ZmpXOBZUjZqnaALq7M","clickBeacon":"https://wrd.walmart.com/track?rdf=0\u0026adUid=7d9e99fa-7045-44dc-a614-01526caa2a60\u0026plmt=__plmt__\u0026tax=1005862_1001508\u0026pltfm=desktop\u0026eventST=__eventST__\u0026pgId=1005862_1001508\u0026spQs=azffLfvhe2rnFMamQ8gGV5-hFZzZ0kwD8l5-giqwbmTur1MYFuf57KzXLEywOOG-baLFdJd_4nsZnxpDTeg3UIewxkIAKz8gDd8Hvopk6NtkiRWWYV3aKq0AyRbOKvEetIIBJacl4QW3w93CXGhEnFjf_ZmpXOBZUjZqnaALq7M\u0026storeId=3081\u0026pt=browse\u0026pos=__pos__\u0026bt=__bt__\u0026mloc=sp-browse-middle\u0026bkt=2478","spTags":null},"checkStoreAvailabilityATC":false,"seeShippingEligibility":false,"rewards":null},{"__typename":"Product","availabilityStatusDisplayValue":"In stock","productLocationDisplayValue":null,"externalInfoUrl":"","canonicalUrl":"/ip/Mineral-Fusion-Mineral-Spf-30-Brush-On-Sun-Defense-0-14-oz-Unit/165560761","canAddToCart":true,"showOptions":false,"showBuyNow":false,"description":"","flag":"","badge":{"text":"","id":"","type":"","key":""},"fulfillmentBadges":["1-day shipping"],"fulfillmentIcon":{"key":"SAVE_WITH_W_PLUS","label":"Save with"},"fulfillmentBadge":"","fulfillmentSpeed":[],"fulfillmentType":"FC","groupMetaData":{"groupType":null,"groupSubType":null,"numberOfComponents":0,"groupComponents":null},"id":"3WQM2NWMSLZA","itemType":null,"usItemId":"165560761","image":"https://i5.walmartimages.com/asr/74922db6-1026-43bc-aece-f7bd3567a2b7_1.0f2b12f3c89177933c6a32d3d6f89e60.png?odnHeight=180\u0026odnWidth=180\u0026odnBg=FFFFFF","isOutOfStock":false,"esrb":"","mediaRating":"","name":"Mineral Fusion Mineral Spf 30 Brush-On Sun Defense 0.14 oz Unit","price":18.81,"preOrder":{"isPreOrder":false,"preOrderMessage":null,"preOrderStreetDateMessage":null},"priceInfo":{"itemPrice":"$24.99","linePrice":"$18.81","wasPrice":"$24.99","unitPrice":"$134.36/oz","shipPrice":"","minPrice":0,"minPriceForVariant":"","subscriptionPrice":"","subscriptionString":"","priceDisplayCondition":"","finalCostByWeight":false,"submapType":""},"rating":{"averageRating":3.9,"numberOfReviews":132},"salesUnit":"EACH","variantList":[],"isVariantTypeSwatch":false,"brand":null,"manufacturerName":null,"offerId":"4644338297A245A89B07C3D365510DA6","fitmentLabel":"","isAtfMarker":false,"sellerId":"F55CDC31AB754BB68FE0B39041159D63","sellerName":"Walmart.com","hasSellerBadge":null,"seller":{"name":"Walmart.com","sellerId":"F55CDC31AB754BB68FE0B39041159D63"},"sponsoredProduct":{"spQs":"OthFlbKSm0eVYDxAHNpL63gcCLqpZ1q_07CbvlAO6SDJ1tXW90ogfkh1HGKzttrzqEp70UtN-MT9bOx_vGTS6WwmBoLIcmG1hvc76phZP3ODE0GsDtEJ2xZFklSwFEbta85Zk59m-FmOgQ95o2QjyMFKStyR35np8noCp71r4TY","clickBeacon":"https://wrd.walmart.com/track?rdf=0\u0026adUid=7d9e99fa-7045-44dc-a614-01526caa2a60\u0026plmt=__plmt__\u0026tax=1005862_1001508\u0026pltfm=desktop\u0026eventST=__eventST__\u0026pgId=1005862_1001508\u0026spQs=OthFlbKSm0eVYDxAHNpL63gcCLqpZ1q_07CbvlAO6SDJ1tXW90ogfkh1HGKzttrzqEp70UtN-MT9bOx_vGTS6WwmBoLIcmG1hvc76phZP3ODE0GsDtEJ2xZFklSwFEbta85Zk59m-FmOgQ95o2QjyMFKStyR35np8noCp71r4TY\u0026storeId=3081\u0026pt=browse\u0026pos=__pos__\u0026bt=__bt__\u0026mloc=sp-browse-middle\u0026bkt=2478","spTags":null},"checkStoreAvailabilityATC":false,"seeShippingEligibility":false,"rewards":null},{"__typename":"Product","availabilityStatusDisplayValue":"In stock","productLocationDisplayValue":null,"externalInfoUrl":"","canonicalUrl":"/ip/Coppertone-Sport-Sunscreen-Spray-SPF-100-Spray-Sunscreen-5-5-Oz/595140635","canAddToCart":true,"showOptions":false,"showBuyNow":false,"description":"\u003cli\u003eCoppertone Sport SPF 100 Sunscreen Spray\u003c/li\u003e\u003cli\u003eContinuous spray Broad Spectrum sunscreen\u003c/li\u003e\u003cli\u003eOne 5.5 ounce bottle\u003c/li\u003e","flag":"","badge":{"text":"","id":"","type":"","key":""},"fulfillmentBadges":["Pickup","Delivery","1-day shipping"],"fulfillmentIcon":{"key":"SAVE_WITH_W_PLUS","label":"Save with"},"fulfillmentBadge":"Today","fulfillmentSpeed":["TODAY"],"fulfillmentType":"STORE","groupMetaData":{"groupType":null,"groupSubType":null,"numberOfComponents":0,"groupComponents":null},"id":"6W3LZBOGUGKJ","itemType":null,"usItemId":"595140635","image":"https://i5.walmartimages.com/asr/03ef72e3-ed73-4fe1-b378-9fbc4f4b847f.13f96577a338571b204f8f366a3f2152.jpeg?odnHeight=180\u0026odnWidth=180\u0026odnBg=ffffff","isOutOfStock":false,"esrb":"","mediaRating":"","name":"Coppertone Sport Sunscreen Spray, SPF 100 Spray Sunscreen, 5.5 Oz","price":7.97,"preOrder":{"isPreOrder":false,"preOrderMessage":null,"preOrderStreetDateMessage":null},"priceInfo":{"itemPrice":"","linePrice":"$7.97","wasPrice":"","unitPrice":"$1.45/fl oz","shipPrice":"","minPrice":0,"minPriceForVariant":"","subscriptionPrice":"","subscriptionString":"","priceDisplayCondition":"","finalCostByWeight":false,"submapType":""},"rating":{"averageRating":0,"numberOfReviews":0},"salesUnit":"EACH","variantList":[],"isVariantTypeSwatch":false,"brand":null,"manufacturerName":null,"offerId":"E539FC76A8F54CBB8914ED4861020ACF","fitmentLabel":"","isAtfMarker":false,"sellerId":"F55CDC31AB754BB68FE0B39041159D63","sellerName":"Walmart.com","hasSellerBadge":null,"seller":{"name":"Walmart.com","sellerId":"F55CDC31AB754BB68FE0B39041159D63"},"sponsoredProduct":null,"checkStoreAvailabilityATC":false,"seeShippingEligibility":false,"rewards":null},{"__typename":"Product","availabilityStatusDisplayValue":"In stock","productLocationDisplayValue":null,"externalInfoUrl":"","canonicalUrl":"/ip/Hawaiian-Tropic-Antioxidant-Plus-Sunscreen-Lotion-SPF-30-6-fl-oz/398176888","canAddToCart":true,"showOptions":false,"showBuyNow":false,"description":"\u003cli\u003eMade with green tea extract for a protective antioxidant layer on skin\u003c/li\u003e\u003cli\u003eHelps prevent skin damage \u0026 skin aging from the sun\u003c/li\u003e\u003cli\u003eWater resistant for up to 80 minutes\u003c/li\u003e","flag":"","badge":{"text":"","id":"","type":"","key":""},"fulfillmentBadges":["1-day shipping"],"fulfillmentIcon":{"key":"SAVE_WITH_W_PLUS","label":"Save with"},"fulfillmentBadge":"Tomorrow","fulfillmentSpeed":["TOMORROW"],"fulfillmentType":"FC","groupMetaData":{"groupType":null,"groupSubType":null,"numberOfComponents":0,"groupComponents":null},"id":"6ONMPFEQJ0G7","itemType":null,"usItemId":"398176888","image":"https://i5.walmartimages.com/asr/09080f68-11b4-49b0-9517-45bb5cb903e9.6785e48e154219ff8b504071c33b682c.jpeg?odnHeight=180\u0026odnWidth=180\u0026odnBg=ffffff","isOutOfStock":false,"esrb":"","mediaRating":"","name":"Hawaiian Tropic Antioxidant Plus Sunscreen Lotion SPF 30, 6 fl oz","price":8.76,"preOrder":{"isPreOrder":false,"preOrderMessage":null,"preOrderStreetDateMessage":null},"priceInfo":{"itemPrice":"$12.99","linePrice":"$8.76","wasPrice":"$12.99","unitPrice":"$1.46/fl oz","shipPrice":"","minPrice":0,"minPriceForVariant":"","subscriptionPrice":"","subscriptionString":"","priceDisplayCondition":"","finalCostByWeight":false,"submapType":""},"rating":{"averageRating":4.7,"numberOfReviews":368},"salesUnit":"EACH","variantList":[],"isVariantTypeSwatch":false,"brand":null,"manufacturerName":null,"offerId":"D74BA191196B4697AD63E58757F8EC22","fitmentLabel":"","isAtfMarker":false,"sellerId":"F55CDC31AB754BB68FE0B39041159D63","sellerName":"Walmart.com","hasSellerBadge":null,"seller":{"name":"Walmart.com","sellerId":"F55CDC31AB754BB68FE0B39041159D63"},"sponsoredProduct":null,"checkStoreAvailabilityATC":false,"seeShippingEligibility":false,"rewards":null},{"__typename":"Product","availabilityStatusDisplayValue":"In stock","productLocationDisplayValue":null,"externalInfoUrl":"","canonicalUrl":"/ip/CP-COMPLETE-LTN-SPF30-7-5FLOZ/561398020","canAddToCart":true,"showOptions":false,"showBuyNow":false,"description":"Coppertone Spf 30 Lotion","flag":"","badge":{"text":"","id":"","type":"","key":""},"fulfillmentBadges":["Pickup","Delivery"],"fulfillmentIcon":{"key":"SAVE_WITH_W_PLUS","label":"Save with"},"fulfillmentBadge":"Today","fulfillmentSpeed":["TODAY"],"fulfillmentType":"STORE","groupMetaData":{"groupType":null,"groupSubType":null,"numberOfComponents":0,"groupComponents":null},"id":"5J1XV2TVQJQ9","itemType":null,"usItemId":"561398020","image":"https://i5.walmartimages.com/asr/42a42bc2-66e4-4933-9aa2-0fe0eaed2698.ebbc3381b20d6425cf3479038f38ee62.jpeg?odnHeight=180\u0026odnWidth=180\u0026odnBg=ffffff","isOutOfStock":false,"esrb":"","mediaRating":"","name":"CP COMPLETE LTN SPF30 7.5FLOZ","price":6.98,"preOrder":{"isPreOrder":false,"preOrderMessage":null,"preOrderStreetDateMessage":null},"priceInfo":{"itemPrice":"","linePrice":"$6.98","wasPrice":"","unitPrice":"99.7 /fl oz","shipPrice":"","minPrice":0,"minPriceForVariant":"","subscriptionPrice":"","subscriptionString":"","priceDisplayCondition":"","finalCostByWeight":false,"submapType":""},"rating":{"averageRating":0,"numberOfReviews":0},"salesUnit":"EACH","variantList":[],"isVariantTypeSwatch":false,"brand":null,"manufacturerName":null,"offerId":"61D974B375454B2CA69D7521BF7AAC07","fitmentLabel":"","isAtfMarker":false,"sellerId":"F55CDC31AB754BB68FE0B39041159D63","sellerName":"Walmart.com","hasSellerBadge":null,"seller":{"name":"Walmart.com","sellerId":"F55CDC31AB754BB68FE0B39041159D63"},"sponsoredProduct":null,"checkStoreAvailabilityATC":false,"seeShippingEligibility":false,"rewards":null},{"__typename":"Product","availabilityStatusDisplayValue":"In stock","productLocationDisplayValue":null,"externalInfoUrl":"","canonicalUrl":"/ip/Elta-MD-UV-Sport-SPF-50-Broad-Spectrum-Water-Resistant-Sunscreen-3-oz/109282263?athbdg=L1600","canAddToCart":true,"showOptions":false,"showBuyNow":false,"description":"Uv Sport Water-resistant Full-body Sunscreen Spf 50 - 3oz","flag":"Best seller","badge":{"key":"BESTSELLER","text":"Best seller","type":"LABEL","id":"L1600"},"fulfillmentBadges":["2-day shipping"],"fulfillmentBadge":"2 days","fulfillmentSpeed":["2 days"],"fulfillmentType":"MARKETPLACE","groupMetaData":{"groupType":null,"groupSubType":null,"numberOfComponents":0,"groupComponents":null},"id":"5RBLDGZVIBL5","itemType":null,"usItemId":"109282263","image":"https://i5.walmartimages.com/asr/425aa2c4-1a4e-4fa0-b04c-fdcd80c6acd1.6fa228637dd6edf7e424e41779c06897.jpeg?odnHeight=180\u0026odnWidth=180\u0026odnBg=ffffff","isOutOfStock":false,"esrb":"","mediaRating":"","name":"Elta MD UV Sport SPF 50 Broad Spectrum Water Resistant Sunscreen 3 oz","price":23.99,"preOrder":{"isPreOrder":false,"preOrderMessage":null,"preOrderStreetDateMessage":null},"priceInfo":{"itemPrice":"","linePrice":"$23.99","wasPrice":"","unitPrice":"","shipPrice":"","minPrice":0,"minPriceForVariant":"","subscriptionPrice":"","subscriptionString":"","priceDisplayCondition":"","finalCostByWeight":false,"submapType":""},"rating":{"averageRating":4.8,"numberOfReviews":52},"salesUnit":"EACH","variantList":[],"isVariantTypeSwatch":false,"brand":null,"manufacturerName":null,"offerId":"D7070C95F7864F82A5F13113D4A3FF74","fitmentLabel":"","isAtfMarker":false,"sellerId":"53FF30C7B9BD462A9F9CC8B2CEC80AD2","sellerName":"Beauty Divine","hasSellerBadge":null,"seller":{"name":"Beauty Divine","sellerId":"53FF30C7B9BD462A9F9CC8B2CEC80AD2"},"sponsoredProduct":null,"checkStoreAvailabilityATC":false,"seeShippingEligibility":false,"rewards":null},{"__typename":"Product","availabilityStatusDisplayValue":"In stock","productLocationDisplayValue":null,"externalInfoUrl":"","canonicalUrl":"/ip/Neutrogena-Beach-Defense-Sunscreen-Lotion-with-SPF-70-6-7-oz/22178225?athbdg=L1300","canAddToCart":true,"showOptions":false,"showBuyNow":false,"description":"\u003cli\u003eBeach-strength oil-free sunscreen lotion\u003c/li\u003e\u003cli\u003eBroad Spectrum SPF 70 lotion\u003c/li\u003e\u003cli\u003eLightweight \u0026 fast-absorbing formula\u003c/li\u003e\u003c/li\u003e","flag":"Rollback","badge":{"key":"ROLLBACK","text":"Rollback","type":"LABEL","id":"L1300"},"fulfillmentBadges":["Pickup","Delivery","3+ day shipping"],"fulfillmentIcon":{"key":"SAVE_WITH_W_PLUS","label":"Save with"},"fulfillmentBadge":"Today","fulfillmentSpeed":["TODAY"],"fulfillmentType":"STORE","groupMetaData":{"groupType":null,"groupSubType":null,"numberOfComponents":0,"groupComponents":null},"id":"75I638BQO9ML","itemType":null,"usItemId":"22178225","image":"https://i5.walmartimages.com/asr/5022a50a-579a-4eb4-b59f-ae009764a032.08acf49c96e7898391cba67ee512de5d.jpeg?odnHeight=180\u0026odnWidth=180\u0026odnBg=FFFFFF","isOutOfStock":false,"esrb":"","mediaRating":"","name":"Neutrogena Beach Defense Sunscreen Lotion with SPF 70, 6.7 oz","price":8.97,"preOrder":{"isPreOrder":false,"preOrderMessage":null,"preOrderStreetDateMessage":null},"priceInfo":{"itemPrice":"$13.02","linePrice":"$8.97","wasPrice":"$13.02","unitPrice":"","shipPrice":"","minPrice":0,"minPriceForVariant":"","subscriptionPrice":"","subscriptionString":"","priceDisplayCondition":"","finalCostByWeight":false,"submapType":""},"rating":{"averageRating":4.4,"numberOfReviews":257},"salesUnit":"EACH","variantList":[],"isVariantTypeSwatch":false,"brand":null,"manufacturerName":null,"offerId":"F4BCF56F337749D9BE0788C32DA19710","fitmentLabel":"","isAtfMarker":false,"sellerId":"F55CDC31AB754BB68FE0B39041159D63","sellerName":"Walmart.com","hasSellerBadge":null,"seller":{"name":"Walmart.com","sellerId":"F55CDC31AB754BB68FE0B39041159D63"},"sponsoredProduct":null,"checkStoreAvailabilityATC":false,"seeShippingEligibility":false,"rewards":null},{"__typename":"Product","availabilityStatusDisplayValue":"In stock","productLocationDisplayValue":null,"externalInfoUrl":"","canonicalUrl":"/ip/Australian-Gold-Moisture-Lock-Tan-Extender-w-Aloe-Vitamin-E-16-FL-OZ/11965305","canAddToCart":true,"showOptions":false,"showBuyNow":false,"description":"\u003cli\u003eTanning lotion keeps your tan lasting longer than ever!\u003c/li\u003e","flag":"","badge":{"text":"","id":"","type":"","key":""},"fulfillmentBadges":["1-day shipping"],"fulfillmentIcon":{"key":"SAVE_WITH_W_PLUS","label":"Save with"},"fulfillmentBadge":"Tomorrow","fulfillmentSpeed":["TOMORROW"],"fulfillmentType":"FC","groupMetaData":{"groupType":null,"groupSubType":null,"numberOfComponents":0,"groupComponents":null},"id":"79PBY33Y6JZ4","itemType":null,"usItemId":"11965305","image":"https://i5.walmartimages.com/asr/475f27be-5449-4101-b131-5304585721d1_1.282c6b21aac0f803d4ff760e93c279cf.jpeg?odnHeight=180\u0026odnWidth=180\u0026odnBg=ffffff","isOutOfStock":false,"esrb":"","mediaRating":"","name":"Australian Gold Moisture Lock Tan Extender w/ Aloe \u0026 Vitamin E, 16 FL OZ","price":7.49,"preOrder":{"isPreOrder":false,"preOrderMessage":null,"preOrderStreetDateMessage":null},"priceInfo":{"itemPrice":"$17.23","linePrice":"$7.49","wasPrice":"$17.23","unitPrice":"","shipPrice":"","minPrice":0,"minPriceForVariant":"","subscriptionPrice":"","subscriptionString":"","priceDisplayCondition":"","finalCostByWeight":false,"submapType":""},"rating":{"averageRating":4.8,"numberOfReviews":389},"salesUnit":"EACH","variantList":[],"isVariantTypeSwatch":false,"brand":null,"manufacturerName":null,"offerId":"32ED231D16274D60BB4F3F8A37A66D22","fitmentLabel":"","isAtfMarker":false,"sellerId":"F55CDC31AB754BB68FE0B39041159D63","sellerName":"Walmart.com","hasSellerBadge":null,"seller":{"name":"Walmart.com","sellerId":"F55CDC31AB754BB68FE0B39041159D63"},"sponsoredProduct":null,"checkStoreAvailabilityATC":false,"seeShippingEligibility":false,"rewards":null},{"__typename":"Product","availabilityStatusDisplayValue":"In stock","productLocationDisplayValue":null,"externalInfoUrl":"","canonicalUrl":"/ip/Hawaiian-Tropic-Sheer-Touch-Lotion-Sunscreen-8-Oz-SPF-30-Oil-Free-Water-Resistant-80-Minutes/16627480","canAddToCart":true,"showOptions":false,"showBuyNow":false,"description":"\u003cli\u003eUltra Radiance formula leaves skin luminous\u003c/li\u003e\u003cli\u003eOil-free for a non-greasy look and feel\u003c/li\u003e\u003cli\u003eContains Vitamins C \u0026 E to condition skin\u003c/li\u003e","flag":"","badge":{"text":"","id":"","type":"","key":""},"fulfillmentBadges":["Pickup","Delivery","3+ day shipping"],"fulfillmentIcon":{"key":"SAVE_WITH_W_PLUS","label":"Save with"},"fulfillmentBadge":"Today","fulfillmentSpeed":["TODAY"],"fulfillmentType":"STORE","groupMetaData":{"groupType":null,"groupSubType":null,"numberOfComponents":0,"groupComponents":null},"id":"2TFNKAWDHQNN","itemType":null,"usItemId":"16627480","image":"https://i5.walmartimages.com/asr/62bf8771-6776-45e5-af47-b0bf31ab64d9_1.74be8924d4ac4500c1fa5f88347445e2.jpeg?odnHeight=180\u0026odnWidth=180\u0026odnBg=FFFFFF","isOutOfStock":false,"esrb":"","mediaRating":"","name":"Hawaiian Tropic Sheer Touch Lotion Sunscreen 8 Oz, SPF 30, Oil Free, Water Resistant (80 Minutes)","price":8.92,"preOrder":{"isPreOrder":false,"preOrderMessage":null,"preOrderStreetDateMessage":null},"priceInfo":{"itemPrice":"","linePrice":"$8.92","wasPrice":"","unitPrice":"","shipPrice":"","minPrice":0,"minPriceForVariant":"","subscriptionPrice":"","subscriptionString":"","priceDisplayCondition":"","finalCostByWeight":false,"submapType":""},"rating":{"averageRating":4.7,"numberOfReviews":309},"salesUnit":"EACH","variantList":[],"isVariantTypeSwatch":false,"brand":null,"manufacturerName":null,"offerId":"0BE450E4860D4F2E965838C8C9196805","fitmentLabel":"","isAtfMarker":false,"sellerId":"F55CDC31AB754BB68FE0B39041159D63","sellerName":"Walmart.com","hasSellerBadge":null,"seller":{"name":"Walmart.com","sellerId":"F55CDC31AB754BB68FE0B39041159D63"},"sponsoredProduct":null,"checkStoreAvailabilityATC":false,"seeShippingEligibility":false,"rewards":null},{"__typename":"Product","availabilityStatusDisplayValue":"In stock","productLocationDisplayValue":null,"externalInfoUrl":"","canonicalUrl":"/ip/Hawaiian-Tropic-Mineral-Sun-Milk-Body-Lotion-SPF-30-3-4oz/733072571","canAddToCart":true,"showOptions":false,"showBuyNow":false,"description":"coming soon","flag":"","badge":{"text":"","id":"","type":"","key":""},"fulfillmentBadges":["Pickup","Delivery"],"fulfillmentIcon":{"key":"SAVE_WITH_W_PLUS","label":"Save with"},"fulfillmentBadge":"Today","fulfillmentSpeed":["TODAY"],"fulfillmentType":"STORE","groupMetaData":{"groupType":null,"groupSubType":null,"numberOfComponents":0,"groupComponents":null},"id":"1TSA9F92TBB4","itemType":null,"usItemId":"733072571","image":"https://i5.walmartimages.com/asr/5f40254c-60fa-446d-8606-8cd0d99f6ffc.e57b9c14266e50df4ec251e11eb57bf3.jpeg?odnHeight=180\u0026odnWidth=180\u0026odnBg=ffffff","isOutOfStock":false,"esrb":"","mediaRating":"","name":"Hawaiian Tropic Mineral Sun Milk Body Lotion SPF 30 3.4oz","price":10.97,"preOrder":{"isPreOrder":false,"preOrderMessage":null,"preOrderStreetDateMessage":null},"priceInfo":{"itemPrice":"","linePrice":"$10.97","wasPrice":"","unitPrice":"$3.23/fl oz","shipPrice":"","minPrice":0,"minPriceForVariant":"","subscriptionPrice":"","subscriptionString":"","priceDisplayCondition":"","finalCostByWeight":false,"submapType":""},"rating":{"averageRating":4.7,"numberOfReviews":41},"salesUnit":"EACH","variantList":[],"isVariantTypeSwatch":false,"brand":null,"manufacturerName":null,"offerId":"25047AF6AA8344709EC6ADCDE1552EC6","fitmentLabel":"","isAtfMarker":false,"sellerId":"F55CDC31AB754BB68FE0B39041159D63","sellerName":"Walmart.com","hasSellerBadge":null,"seller":{"name":"Walmart.com","sellerId":"F55CDC31AB754BB68FE0B39041159D63"},"sponsoredProduct":null,"checkStoreAvailabilityATC":false,"seeShippingEligibility":false,"rewards":null},{"__typename":"Product","availabilityStatusDisplayValue":"In stock","productLocationDisplayValue":"F24","externalInfoUrl":"","canonicalUrl":"/ip/Alba-Botanica-Hawaiian-Sunscreen-Lotion-SPF-45-Green-Tea-4-oz/24819984","canAddToCart":true,"showOptions":false,"showBuyNow":false,"description":"","flag":"","badge":{"text":"","id":"","type":"","key":""},"fulfillmentBadges":["Pickup","Delivery","2-day shipping"],"fulfillmentIcon":{"key":"SAVE_WITH_W_PLUS","label":"Save with"},"fulfillmentBadge":"","fulfillmentSpeed":[],"fulfillmentType":"STORE","groupMetaData":{"groupType":null,"groupSubType":null,"numberOfComponents":0,"groupComponents":null},"id":"2XI6OZHZMYX4","itemType":null,"usItemId":"24819984","image":"https://i5.walmartimages.com/asr/92e997dd-da4c-4ba0-9889-29db6ce3fc22.6e1ca0864e366350e9d13ea01dabb540.jpeg?odnHeight=180\u0026odnWidth=180\u0026odnBg=FFFFFF","isOutOfStock":false,"esrb":"","mediaRating":"","name":"Alba Botanica Hawaiian Sunscreen Lotion SPF 45, Green Tea, 4 oz.","price":7.97,"preOrder":{"isPreOrder":false,"preOrderMessage":null,"preOrderStreetDateMessage":null},"priceInfo":{"itemPrice":"$12.47","linePrice":"$7.97","wasPrice":"$12.47","unitPrice":"$1.99/oz","shipPrice":"","minPrice":0,"minPriceForVariant":"","subscriptionPrice":"","subscriptionString":"","priceDisplayCondition":"","finalCostByWeight":false,"submapType":""},"rating":{"averageRating":4.5,"numberOfReviews":159},"salesUnit":"EACH","variantList":[],"isVariantTypeSwatch":false,"brand":null,"manufacturerName":null,"offerId":"FA5DB670609743798F2919988FF70908","fitmentLabel":"","isAtfMarker":false,"sellerId":"F55CDC31AB754BB68FE0B39041159D63","sellerName":"Walmart.com","hasSellerBadge":null,"seller":{"name":"Walmart.com","sellerId":"F55CDC31AB754BB68FE0B39041159D63"},"sponsoredProduct":{"spQs":"vpt72ICh3udg2Jj2B8gCdx30ZUJqhaMM6W48EcmjmI6_hmc2xDcvIfQql2Ke7mlUB5eJzy9cYKtwz8323IrPri5vjeo8KpBMw_ibSySsHKBG-iTJhm1Eth5EC4AGaidoinzUj7yHyMlUE-vojDNqcF7zoSiypwJWZuvaoiBaZSI","clickBeacon":"https://wrd.walmart.com/track?rdf=0\u0026adUid=7d9e99fa-7045-44dc-a614-01526caa2a60\u0026plmt=__plmt__\u0026tax=1005862_1001508\u0026pltfm=desktop\u0026eventST=__eventST__\u0026pgId=1005862_1001508\u0026spQs=vpt72ICh3udg2Jj2B8gCdx30ZUJqhaMM6W48EcmjmI6_hmc2xDcvIfQql2Ke7mlUB5eJzy9cYKtwz8323IrPri5vjeo8KpBMw_ibSySsHKBG-iTJhm1Eth5EC4AGaidoinzUj7yHyMlUE-vojDNqcF7zoSiypwJWZuvaoiBaZSI\u0026storeId=3081\u0026pt=browse\u0026pos=__pos__\u0026bt=__bt__\u0026mloc=sp-browse-middle\u0026bkt=2478","spTags":null},"checkStoreAvailabilityATC":false,"seeShippingEligibility":false,"rewards":null},{"__typename":"Product","availabilityStatusDisplayValue":"In stock","productLocationDisplayValue":null,"externalInfoUrl":"","canonicalUrl":"/ip/Neoprosone-Brightening-Gel-with-Vitamin-C-30g/264447549","canAddToCart":true,"showOptions":false,"showBuyNow":false,"description":"","flag":"","badge":{"text":"","id":"","type":"","key":""},"fulfillmentBadges":["2-day shipping"],"fulfillmentIcon":{"key":"SAVE_WITH_W_PLUS","label":"Save with"},"fulfillmentBadge":"","fulfillmentSpeed":[],"fulfillmentType":"FC","groupMetaData":{"groupType":null,"groupSubType":null,"numberOfComponents":0,"groupComponents":null},"id":"42A9BAMHUCEX","itemType":null,"usItemId":"264447549","image":"https://i5.walmartimages.com/asr/e6c2ae68-9c0e-4612-9a64-77b7dca960b5.a9ec404b6aef1720b049a2231cdad218.jpeg?odnHeight=180\u0026odnWidth=180\u0026odnBg=FFFFFF","isOutOfStock":false,"esrb":"","mediaRating":"","name":"Neoprosone Brightening Gel with Vitamin \"C\" 30g","price":6.64,"preOrder":{"isPreOrder":false,"preOrderMessage":null,"preOrderStreetDateMessage":null},"priceInfo":{"itemPrice":"","linePrice":"$6.64","wasPrice":"","unitPrice":"","shipPrice":"","minPrice":0,"minPriceForVariant":"","subscriptionPrice":"","subscriptionString":"","priceDisplayCondition":"","finalCostByWeight":false,"submapType":""},"rating":{"averageRating":5,"numberOfReviews":1},"salesUnit":"EACH","variantList":[],"isVariantTypeSwatch":false,"brand":null,"manufacturerName":null,"offerId":"1BAE0923CE8E4A8AA7667A09E968DCE2","fitmentLabel":"","isAtfMarker":false,"sellerId":"14E34245151646E2A6DADE1A0972552A","sellerName":"Mitchell Cosmetics Distribution","hasSellerBadge":null,"seller":{"name":"Mitchell Cosmetics Distribution","sellerId":"14E34245151646E2A6DADE1A0972552A"},"sponsoredProduct":{"spQs":"U4Y1_8Zl54tsIN5HvhsD3orQPXTx4h5c0L-m3EvPIPdS_LwvxNRTcitOePaqpDlPqunyv8sfnfCH1EJDYJ203pX2opHVn9VBsV-XA2eQrN85pRs6o17i2Pv6nO9Zs9sBM-ql8fV4T2Hu6baQM0mmA3LfrsuFhyOGR09GkIJsMdw","clickBeacon":"https://wrd.walmart.com/track?rdf=0\u0026adUid=7d9e99fa-7045-44dc-a614-01526caa2a60\u0026plmt=__plmt__\u0026tax=1005862_1001508\u0026pltfm=desktop\u0026eventST=__eventST__\u0026pgId=1005862_1001508\u0026spQs=U4Y1_8Zl54tsIN5HvhsD3orQPXTx4h5c0L-m3EvPIPdS_LwvxNRTcitOePaqpDlPqunyv8sfnfCH1EJDYJ203pX2opHVn9VBsV-XA2eQrN85pRs6o17i2Pv6nO9Zs9sBM-ql8fV4T2Hu6baQM0mmA3LfrsuFhyOGR09GkIJsMdw\u0026storeId=3081\u0026pt=browse\u0026pos=__pos__\u0026bt=__bt__\u0026mloc=sp-browse-middle\u0026bkt=2478","spTags":null},"checkStoreAvailabilityATC":false,"seeShippingEligibility":false,"rewards":null},{"__typename":"Product","availabilityStatusDisplayValue":"In stock","productLocationDisplayValue":null,"externalInfoUrl":"","canonicalUrl":"/ip/Australian-Gold-SPF-15-Continuous-Spray-Sunscreen-with-Instant-Bronzer/278556617","canAddToCart":true,"showOptions":false,"showBuyNow":false,"description":"Australian Gold Ag Spf15 C-spray Bronzer","flag":"","badge":{"text":"","id":"","type":"","key":""},"fulfillmentBadges":["Pickup","Delivery","3+ day shipping"],"fulfillmentIcon":{"key":"SAVE_WITH_W_PLUS","label":"Save with"},"fulfillmentBadge":"Today","fulfillmentSpeed":["TODAY"],"fulfillmentType":"STORE","groupMetaData":{"groupType":null,"groupSubType":null,"numberOfComponents":0,"groupComponents":null},"id":"43K5HS100NFB","itemType":null,"usItemId":"278556617","image":"https://i5.walmartimages.com/asr/7143f4c3-b40e-4fef-bd93-ca50fda72316_1.d820ae27ed21cdd7b496110d3e23d8b2.jpeg?odnHeight=180\u0026odnWidth=180\u0026odnBg=ffffff","isOutOfStock":false,"esrb":"","mediaRating":"","name":"Australian Gold SPF 15 Continuous Spray Sunscreen with Instant Bronzer","price":7.97,"preOrder":{"isPreOrder":false,"preOrderMessage":null,"preOrderStreetDateMessage":null},"priceInfo":{"itemPrice":"$14.45","linePrice":"$7.97","wasPrice":"$14.45","unitPrice":"","shipPrice":"","minPrice":0,"minPriceForVariant":"","subscriptionPrice":"","subscriptionString":"","priceDisplayCondition":"","finalCostByWeight":false,"submapType":""},"rating":{"averageRating":4.5,"numberOfReviews":93},"salesUnit":"EACH","variantList":[],"isVariantTypeSwatch":false,"brand":null,"manufacturerName":null,"offerId":"7B5F2CD77919485C84C40B777273C27A","fitmentLabel":"","isAtfMarker":false,"sellerId":"F55CDC31AB754BB68FE0B39041159D63","sellerName":"Walmart.com","hasSellerBadge":null,"seller":{"name":"Walmart.com","sellerId":"F55CDC31AB754BB68FE0B39041159D63"},"sponsoredProduct":null,"checkStoreAvailabilityATC":false,"seeShippingEligibility":false,"rewards":null},{"__typename":"Product","availabilityStatusDisplayValue":"In stock","productLocationDisplayValue":null,"externalInfoUrl":"","canonicalUrl":"/ip/Banana-Boat-Ultra-Sport-Clear-Sunscreen-Spray-SPF-50-6-oz/23888964","canAddToCart":true,"showOptions":false,"showBuyNow":false,"description":"\u003cli\u003eSUPERIOR ENDURANCE VS. SWEAT \u0026 WATER - from family fun to hardcore competition, our sunscreen provides strong sun protection that stays on so you can play on.\u003c/li\u003e\u003cli\u003eCLINICALLY PROVEN - broad\u003c/li\u003e","flag":"","badge":{"text":"","id":"","type":"","key":""},"fulfillmentBadges":["Pickup","Delivery","1-day shipping"],"fulfillmentIcon":{"key":"SAVE_WITH_W_PLUS","label":"Save with"},"fulfillmentBadge":"Today","fulfillmentSpeed":["TODAY"],"fulfillmentType":"STORE","groupMetaData":{"groupType":null,"groupSubType":null,"numberOfComponents":0,"groupComponents":null},"id":"5NOWEZB1F3PE","itemType":null,"usItemId":"23888964","image":"https://i5.walmartimages.com/asr/d6a6100d-009e-45b6-ba24-a9584632867f.e385c3eb28d0d32bf3eeb42f231e15f2.jpeg?odnHeight=180\u0026odnWidth=180\u0026odnBg=ffffff","isOutOfStock":false,"esrb":"","mediaRating":"","name":"Banana Boat Ultra Sport Clear Sunscreen Spray SPF 50+, 6 oz","price":7.97,"preOrder":{"isPreOrder":false,"preOrderMessage":null,"preOrderStreetDateMessage":null},"priceInfo":{"itemPrice":"$19.09","linePrice":"$7.97","wasPrice":"$19.09","unitPrice":"$1.33/fl oz","shipPrice":"","minPrice":0,"minPriceForVariant":"","subscriptionPrice":"","subscriptionString":"","priceDisplayCondition":"","finalCostByWeight":false,"submapType":""},"rating":{"averageRating":4.3,"numberOfReviews":24},"salesUnit":"EACH","variantList":[],"isVariantTypeSwatch":false,"brand":null,"manufacturerName":null,"offerId":"4957DF0EF1064E51AC3738DA510FBE6D","fitmentLabel":"","isAtfMarker":false,"sellerId":"F55CDC31AB754BB68FE0B39041159D63","sellerName":"Walmart.com","hasSellerBadge":null,"seller":{"name":"Walmart.com","sellerId":"F55CDC31AB754BB68FE0B39041159D63"},"sponsoredProduct":null,"checkStoreAvailabilityATC":false,"seeShippingEligibility":false,"rewards":null},{"__typename":"Product","availabilityStatusDisplayValue":"In stock","productLocationDisplayValue":null,"externalInfoUrl":"","canonicalUrl":"/ip/Hawaiian-Tropic-Everyday-Active-Lotion-Sunscreen-8-Oz-SPF-50-Won-t-Clog-Pores-Sweat-Water-Resistant-80-Minutes-Sunblock/173827204","canAddToCart":true,"showOptions":false,"showBuyNow":false,"description":"\u003cli\u003eUltra light, high performance formula\u003c/li\u003e\u003cli\u003eOil-free for a non-greasy look and feel\u003c/li\u003e","flag":"","badge":{"text":"","id":"","type":"","key":""},"fulfillmentBadges":["Pickup","Delivery","2-day shipping"],"fulfillmentIcon":{"key":"SAVE_WITH_W_PLUS","label":"Save with"},"fulfillmentBadge":"Today","fulfillmentSpeed":["TODAY"],"fulfillmentType":"STORE","groupMetaData":{"groupType":null,"groupSubType":null,"numberOfComponents":0,"groupComponents":null},"id":"6MVB8ESV7RK4","itemType":null,"usItemId":"173827204","image":"https://i5.walmartimages.com/asr/f4ec5d8d-7418-40ae-afb4-662389cbaf00.406ab45944fa57a2c0b7b85adf91d0f4.jpeg?odnHeight=180\u0026odnWidth=180\u0026odnBg=ffffff","isOutOfStock":false,"esrb":"","mediaRating":"","name":"Hawaiian Tropic Everyday Active Lotion Sunscreen 8 Oz, SPF 50, Won't Clog Pores, Sweat \u0026 Water Resistant (80 Minutes) Sunblock","price":9.94,"preOrder":{"isPreOrder":false,"preOrderMessage":null,"preOrderStreetDateMessage":null},"priceInfo":{"itemPrice":"","linePrice":"$9.94","wasPrice":"","unitPrice":"$1.24/fl oz","shipPrice":"","minPrice":0,"minPriceForVariant":"","subscriptionPrice":"","subscriptionString":"","priceDisplayCondition":"","finalCostByWeight":false,"submapType":""},"rating":{"averageRating":4.4,"numberOfReviews":68},"salesUnit":"EACH","variantList":[],"isVariantTypeSwatch":false,"brand":null,"manufacturerName":null,"offerId":"046EE0F708364D8780F46739BD356161","fitmentLabel":"","isAtfMarker":false,"sellerId":"F55CDC31AB754BB68FE0B39041159D63","sellerName":"Walmart.com","hasSellerBadge":null,"seller":{"name":"Walmart.com","sellerId":"F55CDC31AB754BB68FE0B39041159D63"},"sponsoredProduct":null,"checkStoreAvailabilityATC":false,"seeShippingEligibility":false,"rewards":null},{"__typename":"Product","availabilityStatusDisplayValue":"In stock","productLocationDisplayValue":null,"externalInfoUrl":"","canonicalUrl":"/ip/Australian-Gold-SPF-8-Spray-Gel-Sunscreen-with-Instant-Bronzer/636036521","canAddToCart":true,"showOptions":false,"showBuyNow":false,"description":"\u003cli\u003eAG SPF 8 Spray Gel Bronzer\u003c/li\u003e\u003cli\u003eAg Spf 8 Spray Gel Bronzer\u003c/li\u003e","flag":"","badge":{"text":"","id":"","type":"","key":""},"fulfillmentBadges":["Pickup","Delivery","1-day shipping"],"fulfillmentIcon":{"key":"SAVE_WITH_W_PLUS","label":"Save with"},"fulfillmentBadge":"Today","fulfillmentSpeed":["TODAY"],"fulfillmentType":"STORE","groupMetaData":{"groupType":null,"groupSubType":null,"numberOfComponents":0,"groupComponents":null},"id":"1QCDA9OOZ9V1","itemType":null,"usItemId":"636036521","image":"https://i5.walmartimages.com/asr/941d5890-a98f-413b-8da3-311bd574c0b9_1.b1fd0cf6532b8d91ad19af2988b36085.jpeg?odnHeight=180\u0026odnWidth=180\u0026odnBg=ffffff","isOutOfStock":false,"esrb":"","mediaRating":"","name":"Australian Gold SPF 8 Spray Gel Sunscreen with Instant Bronzer","price":6.97,"preOrder":{"isPreOrder":false,"preOrderMessage":null,"preOrderStreetDateMessage":null},"priceInfo":{"itemPrice":"","linePrice":"$6.97","wasPrice":"","unitPrice":"","shipPrice":"","minPrice":0,"minPriceForVariant":"","subscriptionPrice":"","subscriptionString":"","priceDisplayCondition":"","finalCostByWeight":false,"submapType":""},"rating":{"averageRating":4.9,"numberOfReviews":80},"salesUnit":"EACH","variantList":[],"isVariantTypeSwatch":false,"brand":null,"manufacturerName":null,"offerId":"F845E6DC2E674EAB933560B8454F85A7","fitmentLabel":"","isAtfMarker":false,"sellerId":"F55CDC31AB754BB68FE0B39041159D63","sellerName":"Walmart.com","hasSellerBadge":null,"seller":{"name":"Walmart.com","sellerId":"F55CDC31AB754BB68FE0B39041159D63"},"sponsoredProduct":null,"checkStoreAvailabilityATC":false,"seeShippingEligibility":false,"rewards":null},{"__typename":"Product","availabilityStatusDisplayValue":"In stock","productLocationDisplayValue":null,"externalInfoUrl":"","canonicalUrl":"/ip/Neutrogena-Hydro-Boost-Moisturizing-Sunscreen-Lotion-SPF-50-3-fl-oz/549312779","canAddToCart":true,"showOptions":false,"showBuyNow":false,"description":"\u003cli\u003eHydrating SPF 50 water gel sunscreen lotion\u003c/li\u003e\u003cli\u003eOil-free Broad Spectrum UVA/UVB protection\u003c/li\u003e\u003cli\u003eNon-greasy\u003c/li\u003e","flag":"","badge":{"text":"","id":"","type":"","key":""},"fulfillmentBadges":["Pickup","Delivery","1-day shipping"],"fulfillmentIcon":{"key":"SAVE_WITH_W_PLUS","label":"Save with"},"fulfillmentBadge":"Today","fulfillmentSpeed":["TODAY"],"fulfillmentType":"STORE","groupMetaData":{"groupType":null,"groupSubType":null,"numberOfComponents":0,"groupComponents":null},"id":"38ZGWXU2WKJP","itemType":null,"usItemId":"549312779","image":"https://i5.walmartimages.com/asr/316eeeba-039c-4305-a631-6151c3f1235c.46055482f8ce89f8c57f4933aa6d60ba.jpeg?odnHeight=180\u0026odnWidth=180\u0026odnBg=FFFFFF","isOutOfStock":false,"esrb":"","mediaRating":"","name":"Neutrogena Hydro Boost Moisturizing Sunscreen Lotion","price":9.97,"preOrder":{"isPreOrder":false,"preOrderMessage":null,"preOrderStreetDateMessage":null},"priceInfo":{"itemPrice":"$12.33","linePrice":"$9.97","wasPrice":"$12.33","unitPrice":"","shipPrice":"","minPrice":0,"minPriceForVariant":"","subscriptionPrice":"","subscriptionString":"","priceDisplayCondition":"","finalCostByWeight":false,"submapType":""},"rating":{"averageRating":4.2,"numberOfReviews":572},"salesUnit":"EACH","variantList":[],"isVariantTypeSwatch":false,"brand":null,"manufacturerName":null,"offerId":"822E669C9E474B6B89F2FB5C5CA4D818","fitmentLabel":"","isAtfMarker":false,"sellerId":"F55CDC31AB754BB68FE0B39041159D63","sellerName":"Walmart.com","hasSellerBadge":null,"seller":{"name":"Walmart.com","sellerId":"F55CDC31AB754BB68FE0B39041159D63"},"sponsoredProduct":null,"checkStoreAvailabilityATC":false,"seeShippingEligibility":false,"rewards":null},{"__typename":"Product","availabilityStatusDisplayValue":"In stock","productLocationDisplayValue":null,"externalInfoUrl":"","canonicalUrl":"/ip/Hawaiian-Tropic-Everyday-Active-Lotion-Sunscreen-SPF-15-8-oz/42700920","canAddToCart":true,"showOptions":false,"showBuyNow":false,"description":"\u003cli\u003eUltra light, high performance formula\u003c/li\u003e\u003cli\u003eOil-free for a non-greasy look and feel\u003c/li\u003e","flag":"","badge":{"text":"","id":"","type":"","key":""},"fulfillmentBadges":["1-day shipping"],"fulfillmentIcon":{"key":"SAVE_WITH_W_PLUS","label":"Save with"},"fulfillmentBadge":"Tomorrow","fulfillmentSpeed":["TOMORROW"],"fulfillmentType":"FC","groupMetaData":{"groupType":null,"groupSubType":null,"numberOfComponents":0,"groupComponents":null},"id":"5MFOD4M1KF48","itemType":null,"usItemId":"42700920","image":"https://i5.walmartimages.com/asr/4581cae4-fe4b-4e7e-a483-3a0b6924f511.a9b16df1264ae51517b00392ab7f53fd.jpeg?odnHeight=180\u0026odnWidth=180\u0026odnBg=ffffff","isOutOfStock":false,"esrb":"","mediaRating":"","name":"Hawaiian Tropic Everyday Active Lotion Sunscreen SPF 15, 8 oz","price":9.92,"preOrder":{"isPreOrder":false,"preOrderMessage":null,"preOrderStreetDateMessage":null},"priceInfo":{"itemPrice":"$11.21","linePrice":"$9.92","wasPrice":"$11.21","unitPrice":"$1.24/fl oz","shipPrice":"","minPrice":0,"minPriceForVariant":"","subscriptionPrice":"","subscriptionString":"","priceDisplayCondition":"","finalCostByWeight":false,"submapType":""},"rating":{"averageRating":4,"numberOfReviews":62},"salesUnit":"EACH","variantList":[],"isVariantTypeSwatch":false,"brand":null,"manufacturerName":null,"offerId":"1ABAECD0E7B04B2989F75D88E8083B19","fitmentLabel":"","isAtfMarker":false,"sellerId":"F55CDC31AB754BB68FE0B39041159D63","sellerName":"Walmart.com","hasSellerBadge":null,"seller":{"name":"Walmart.com","sellerId":"F55CDC31AB754BB68FE0B39041159D63"},"sponsoredProduct":null,"checkStoreAvailabilityATC":false,"seeShippingEligibility":false,"rewards":null},{"__typename":"Product","availabilityStatusDisplayValue":"In stock","productLocationDisplayValue":null,"externalInfoUrl":"","canonicalUrl":"/ip/Equate-Beauty-Ultra-Light-Sunscreen-Mist-SPF-70-5-oz/340597104","canAddToCart":true,"showOptions":false,"showBuyNow":false,"description":"\u003cli\u003eQuick and easy application spray\u003c/li\u003e\u003cli\u003eUltra-light sunscreen mist\u003c/li\u003e\u003cli\u003eBroad spectrum SPF 70\u003c/li\u003e","flag":"","badge":{"text":"","id":"","type":"","key":""},"fulfillmentBadges":["1-day shipping"],"fulfillmentIcon":{"key":"SAVE_WITH_W_PLUS","label":"Save with"},"fulfillmentBadge":"Tomorrow","fulfillmentSpeed":["TOMORROW"],"fulfillmentType":"FC","groupMetaData":{"groupType":null,"groupSubType":null,"numberOfComponents":0,"groupComponents":null},"id":"4D118RDENMJS","itemType":null,"usItemId":"340597104","image":"https://i5.walmartimages.com/asr/aaa90d92-4029-46cc-88b6-cbc93f413fd4_1.60a9c894a8484a1626bff099079fb630.jpeg?odnHeight=180\u0026odnWidth=180\u0026odnBg=ffffff","isOutOfStock":false,"esrb":"","mediaRating":"","name":"Equate Beauty Ultra Light Sunscreen Mist, SPF 70, 5 oz","price":5.97,"preOrder":{"isPreOrder":false,"preOrderMessage":null,"preOrderStreetDateMessage":null},"priceInfo":{"itemPrice":"","linePrice":"$5.97","wasPrice":"","unitPrice":"$1.19/oz","shipPrice":"","minPrice":0,"minPriceForVariant":"","subscriptionPrice":"","subscriptionString":"","priceDisplayCondition":"","finalCostByWeight":false,"submapType":""},"rating":{"averageRating":2,"numberOfReviews":14},"salesUnit":"EACH","variantList":[],"isVariantTypeSwatch":false,"brand":null,"manufacturerName":null,"offerId":"8052B084FB6C47E892151EA3B58591B7","fitmentLabel":"","isAtfMarker":false,"sellerId":"F55CDC31AB754BB68FE0B39041159D63","sellerName":"Walmart.com","hasSellerBadge":null,"seller":{"name":"Walmart.com","sellerId":"F55CDC31AB754BB68FE0B39041159D63"},"sponsoredProduct":null,"checkStoreAvailabilityATC":false,"seeShippingEligibility":false,"rewards":null},{"__typename":"Product","availabilityStatusDisplayValue":"In stock","productLocationDisplayValue":null,"externalInfoUrl":"","canonicalUrl":"/ip/Hawaiian-Tropic-Silk-Hydration-Weightless-After-Sun-Lotion-6-oz-24-Hour-Moisturization-With-Hydration-Ribbons-Aloe-Gel-Coconut-Papaya-Fragrance/854843027","canAddToCart":true,"showOptions":false,"showBuyNow":false,"description":"\u003cli\u003eWeightless formula feels as if it's barely on\u003c/li\u003e\u003cli\u003e24-hour Moisturization\u003c/li\u003e\u003cli\u003eHydrating ribbons with aloe and shea butter\u003c/li\u003e\u003cli\u003eCoconut Papaya Scent - this tropical scented sunscreen\u003c/li\u003e","flag":"","badge":{"text":"","id":"","type":"","key":""},"fulfillmentBadges":["Pickup","Delivery","1-day shipping"],"fulfillmentIcon":{"key":"SAVE_WITH_W_PLUS","label":"Save with"},"fulfillmentBadge":"Today","fulfillmentSpeed":["TODAY"],"fulfillmentType":"STORE","groupMetaData":{"groupType":null,"groupSubType":null,"numberOfComponents":0,"groupComponents":null},"id":"1590O1IXW1ID","itemType":null,"usItemId":"854843027","image":"https://i5.walmartimages.com/asr/7abd650e-f7f4-4eb7-ac5a-c2c5f232b61a_1.ca8f344481a32d33c1f99315b1909de0.jpeg?odnHeight=180\u0026odnWidth=180\u0026odnBg=ffffff","isOutOfStock":false,"esrb":"","mediaRating":"","name":"Hawaiian Tropic Silk Hydration Weightless After Sun Lotion 6 oz, 24 Hour Moisturization, With Hydration Ribbons \u0026 Aloe Gel, Coconut Papaya Fragrance","price":6.97,"preOrder":{"isPreOrder":false,"preOrderMessage":null,"preOrderStreetDateMessage":null},"priceInfo":{"itemPrice":"","linePrice":"$6.97","wasPrice":"","unitPrice":"$1.16/fl oz","shipPrice":"","minPrice":0,"minPriceForVariant":"","subscriptionPrice":"","subscriptionString":"","priceDisplayCondition":"","finalCostByWeight":false,"submapType":""},"rating":{"averageRating":4.9,"numberOfReviews":108},"salesUnit":"EACH","variantList":[],"isVariantTypeSwatch":false,"brand":null,"manufacturerName":null,"offerId":"98F3BED45F06472B83186C4094D565F8","fitmentLabel":"","isAtfMarker":false,"sellerId":"F55CDC31AB754BB68FE0B39041159D63","sellerName":"Walmart.com","hasSellerBadge":null,"seller":{"name":"Walmart.com","sellerId":"F55CDC31AB754BB68FE0B39041159D63"},"sponsoredProduct":null,"checkStoreAvailabilityATC":false,"seeShippingEligibility":false,"rewards":null},{"__typename":"Product","availabilityStatusDisplayValue":"In stock","productLocationDisplayValue":null,"externalInfoUrl":"","canonicalUrl":"/ip/Banana-Boat-Dry-Oil-Clear-Sunscreen-Spray-SPF-8-6-oz/10448314","canAddToCart":true,"showOptions":false,"showBuyNow":false,"description":"\u003cli\u003eREEF FRIENDLY, made without oxybenzone and octinoxate\u003c/li\u003e\u003cli\u003eWATER RESISTANT for up to 80 MINUTES\u003c/li\u003e\u003cli\u003eNON-GREASY and LIGHTWEIGHT FEEL\u003c/li\u003e\u003cli\u003eImproved formula now with ARGAN OIL\u003c/li\u003e","flag":"","badge":{"text":"","id":"","type":"","key":""},"fulfillmentBadges":["Pickup","Delivery","2-day shipping"],"fulfillmentIcon":{"key":"SAVE_WITH_W_PLUS","label":"Save with"},"fulfillmentBadge":"Today","fulfillmentSpeed":["TODAY"],"fulfillmentType":"STORE","groupMetaData":{"groupType":null,"groupSubType":null,"numberOfComponents":0,"groupComponents":null},"id":"3IK5N8WBBHYG","itemType":null,"usItemId":"10448314","image":"https://i5.walmartimages.com/asr/e84312b4-24d8-447b-9e17-7ce8ba7fba02_1.8ff04cba961f3690a71abe33a2bab51b.jpeg?odnHeight=180\u0026odnWidth=180\u0026odnBg=ffffff","isOutOfStock":false,"esrb":"","mediaRating":"","name":"Banana Boat Dry Oil Clear Sunscreen Spray SPF 8, 6 oz","price":8.94,"preOrder":{"isPreOrder":false,"preOrderMessage":null,"preOrderStreetDateMessage":null},"priceInfo":{"itemPrice":"$13.37","linePrice":"$8.94","wasPrice":"$13.37","unitPrice":"$1.49/fl oz","shipPrice":"","minPrice":0,"minPriceForVariant":"","subscriptionPrice":"","subscriptionString":"","priceDisplayCondition":"","finalCostByWeight":false,"submapType":""},"rating":{"averageRating":4.3,"numberOfReviews":19},"salesUnit":"EACH","variantList":[],"isVariantTypeSwatch":false,"brand":null,"manufacturerName":null,"offerId":"2F6CD2E7757C46E7B0F52B0C086C3E68","fitmentLabel":"","isAtfMarker":false,"sellerId":"F55CDC31AB754BB68FE0B39041159D63","sellerName":"Walmart.com","hasSellerBadge":null,"seller":{"name":"Walmart.com","sellerId":"F55CDC31AB754BB68FE0B39041159D63"},"sponsoredProduct":null,"checkStoreAvailabilityATC":false,"seeShippingEligibility":false,"rewards":null},{"__typename":"Product","availabilityStatusDisplayValue":"In stock","productLocationDisplayValue":null,"externalInfoUrl":"","canonicalUrl":"/ip/Australian-Gold-Dark-Tanning-Accelerator-Spray-8-fl-oz-Tanning-Gel/10811098","canAddToCart":true,"showOptions":false,"showBuyNow":false,"description":"\u003cli\u003eIndoor and Outdoor tanning\u003c/li\u003e\u003cli\u003eNo SPF, get the full tanning experience\u003c/li\u003e\u003cli\u003eDark caramel color in just a couple hours\u003c/li\u003e","flag":"","badge":{"text":"","id":"","type":"","key":""},"fulfillmentBadges":["1-day shipping"],"fulfillmentIcon":{"key":"SAVE_WITH_W_PLUS","label":"Save with"},"fulfillmentBadge":"Tomorrow","fulfillmentSpeed":["TOMORROW"],"fulfillmentType":"FC","groupMetaData":{"groupType":null,"groupSubType":null,"numberOfComponents":0,"groupComponents":null},"id":"22UQWZ0PVM8X","itemType":null,"usItemId":"10811098","image":"https://i5.walmartimages.com/asr/6de7ba4e-7718-4dd2-982e-a172d6003620.e5066aafc645a77a334bad703403b595.jpeg?odnHeight=180\u0026odnWidth=180\u0026odnBg=ffffff","isOutOfStock":false,"esrb":"","mediaRating":"","name":"Australian Gold Dark Tanning Accelerator Spray, 8 fl oz Tanning Gel","price":5.47,"preOrder":{"isPreOrder":false,"preOrderMessage":null,"preOrderStreetDateMessage":null},"priceInfo":{"itemPrice":"","linePrice":"$5.47","wasPrice":"","unitPrice":"68.4 /fl oz","shipPrice":"","minPrice":0,"minPriceForVariant":"","subscriptionPrice":"","subscriptionString":"","priceDisplayCondition":"","finalCostByWeight":false,"submapType":""},"rating":{"averageRating":4.7,"numberOfReviews":34},"salesUnit":"EACH","variantList":[],"isVariantTypeSwatch":false,"brand":null,"manufacturerName":null,"offerId":"BBD2419EF1474ED28A717F1C67B78198","fitmentLabel":"","isAtfMarker":false,"sellerId":"F55CDC31AB754BB68FE0B39041159D63","sellerName":"Walmart.com","hasSellerBadge":null,"seller":{"name":"Walmart.com","sellerId":"F55CDC31AB754BB68FE0B39041159D63"},"sponsoredProduct":null,"checkStoreAvailabilityATC":false,"seeShippingEligibility":false,"rewards":null},{"__typename":"Product","availabilityStatusDisplayValue":"In stock","productLocationDisplayValue":null,"externalInfoUrl":"","canonicalUrl":"/ip/Hawaiian-Tropic-Silk-Hydration-Weightless-Spray-Sunscreen-6-Oz-30-SPF-12-Hour-Moisturization-Water-Resistant-80-Minutes-Sunblock/106759587","canAddToCart":true,"showOptions":false,"showBuyNow":false,"description":"\u003cli\u003eWeightless and clear formula looks and feels as if its barely on\u003c/li\u003e\u003cli\u003eContinuous spray for fast application and twist lock top for no mess\u003c/li\u003e\u003cli\u003e12-hour Moisturization\u003c/li\u003e","flag":"","badge":{"text":"","id":"","type":"","key":""},"fulfillmentBadges":["Pickup","Delivery","2-day shipping"],"fulfillmentIcon":{"key":"SAVE_WITH_W_PLUS","label":"Save with"},"fulfillmentBadge":"Today","fulfillmentSpeed":["TODAY"],"fulfillmentType":"STORE","groupMetaData":{"groupType":null,"groupSubType":null,"numberOfComponents":0,"groupComponents":null},"id":"20UDMAUBC6O5","itemType":null,"usItemId":"106759587","image":"https://i5.walmartimages.com/asr/3de020e6-034d-48d7-a1a9-289cd7346887_1.b8a1ef4c12ce100c825e022fc94f658f.jpeg?odnHeight=180\u0026odnWidth=180\u0026odnBg=ffffff","isOutOfStock":false,"esrb":"","mediaRating":"","name":"Hawaiian Tropic Silk Hydration Weightless Spray Sunscreen 6 Oz, 30 SPF, 12 Hour Moisturization, Water Resistant (80 Minutes) Sunblock","price":8.92,"preOrder":{"isPreOrder":false,"preOrderMessage":null,"preOrderStreetDateMessage":null},"priceInfo":{"itemPrice":"$15.02","linePrice":"$8.92","wasPrice":"$15.02","unitPrice":"$1.49/fl oz","shipPrice":"","minPrice":0,"minPriceForVariant":"","subscriptionPrice":"","subscriptionString":"","priceDisplayCondition":"","finalCostByWeight":false,"submapType":""},"rating":{"averageRating":4.7,"numberOfReviews":152},"salesUnit":"EACH","variantList":[],"isVariantTypeSwatch":false,"brand":null,"manufacturerName":null,"offerId":"31DE4E5E04DD4716A6036CCD844F5306","fitmentLabel":"","isAtfMarker":false,"sellerId":"F55CDC31AB754BB68FE0B39041159D63","sellerName":"Walmart.com","hasSellerBadge":null,"seller":{"name":"Walmart.com","sellerId":"F55CDC31AB754BB68FE0B39041159D63"},"sponsoredProduct":null,"checkStoreAvailabilityATC":false,"seeShippingEligibility":false,"rewards":null},{"__typename":"Product","availabilityStatusDisplayValue":"In stock","productLocationDisplayValue":null,"externalInfoUrl":"","canonicalUrl":"/ip/Banana-Boat-Simply-Protect-Baby-Sunscreen-Stick-SPF-50-0-5-oz/252251887","canAddToCart":true,"showOptions":false,"showBuyNow":false,"description":"\u003cli\u003eGENTLE, BROAD SPECTRUM SUN PROTECTION - water resistant sunscreen protects your baby from harmful UVA and UVB rays and is mild enough for even the most delicate skin.\u003c/li\u003e\u003cli\u003eLASTS AS LONG AS THE\u003c/li\u003e","flag":"","badge":{"text":"","id":"","type":"","key":""},"fulfillmentBadges":["1-day shipping"],"fulfillmentIcon":{"key":"SAVE_WITH_W_PLUS","label":"Save with"},"fulfillmentBadge":"Tomorrow","fulfillmentSpeed":["TOMORROW"],"fulfillmentType":"FC","groupMetaData":{"groupType":null,"groupSubType":null,"numberOfComponents":0,"groupComponents":null},"id":"2047DVOEQ2RP","itemType":null,"usItemId":"252251887","image":"https://i5.walmartimages.com/asr/7c35a88e-1589-4d41-a0aa-3a36cc8153a1_1.1ba451cd2c0bc2e162329c4b1270675c.jpeg?odnHeight=180\u0026odnWidth=180\u0026odnBg=ffffff","isOutOfStock":false,"esrb":"","mediaRating":"","name":"Banana Boat Simply Protect Baby Sunscreen Stick SPF 50+, 0.5 oz","price":6.48,"preOrder":{"isPreOrder":false,"preOrderMessage":null,"preOrderStreetDateMessage":null},"priceInfo":{"itemPrice":"$10.99","linePrice":"$6.48","wasPrice":"$10.99","unitPrice":"$12.96/fl oz","shipPrice":"","minPrice":0,"minPriceForVariant":"","subscriptionPrice":"","subscriptionString":"","priceDisplayCondition":"","finalCostByWeight":false,"submapType":""},"rating":{"averageRating":3.9,"numberOfReviews":7},"salesUnit":"EACH","variantList":[],"isVariantTypeSwatch":false,"brand":null,"manufacturerName":null,"offerId":"98C99C3D7FF44727BA6BFE10C9CA2BF9","fitmentLabel":"","isAtfMarker":false,"sellerId":"F55CDC31AB754BB68FE0B39041159D63","sellerName":"Walmart.com","hasSellerBadge":null,"seller":{"name":"Walmart.com","sellerId":"F55CDC31AB754BB68FE0B39041159D63"},"sponsoredProduct":null,"checkStoreAvailabilityATC":false,"seeShippingEligibility":false,"rewards":null},{"__typename":"Product","availabilityStatusDisplayValue":"In stock","productLocationDisplayValue":null,"externalInfoUrl":"","canonicalUrl":"/ip/Banana-Boat-Kids-Sport-Sunscreen-Stick-SPF-50-0-5-oz/216010692","canAddToCart":true,"showOptions":false,"showBuyNow":false,"description":"\u003cli\u003eMADE WITH POWERSTAY TECHNOLOGY - mild \u0026 gentle enough for kids' sensitive skin.\u003c/li\u003e\u003cli\u003ePEDIATRICIAN TESTED - won't run into eyes, so no painful distractions.\u003c/li\u003e\u003cli\u003eLIGHTWEIGHT, QUICK ABSORBING\u003c/li\u003e","flag":"","badge":{"text":"","id":"","type":"","key":""},"fulfillmentBadges":["Pickup","Delivery","2-day shipping"],"fulfillmentIcon":{"key":"SAVE_WITH_W_PLUS","label":"Save with"},"fulfillmentBadge":"Today","fulfillmentSpeed":["TODAY"],"fulfillmentType":"STORE","groupMetaData":{"groupType":null,"groupSubType":null,"numberOfComponents":0,"groupComponents":null},"id":"5DQXS5DJ4AAR","itemType":null,"usItemId":"216010692","image":"https://i5.walmartimages.com/asr/e039eb73-ed95-4ca1-89bb-9df5efcf26ae_1.3f0058e3c3cfd0b9753ec945217d063a.jpeg?odnHeight=180\u0026odnWidth=180\u0026odnBg=ffffff","isOutOfStock":false,"esrb":"","mediaRating":"","name":"Banana Boat Kids Sport Sunscreen Stick SPF 50+, 0.5 oz","price":5.97,"preOrder":{"isPreOrder":false,"preOrderMessage":null,"preOrderStreetDateMessage":null},"priceInfo":{"itemPrice":"$10.99","linePrice":"$5.97","wasPrice":"$10.99","unitPrice":"$11.94/fl oz","shipPrice":"","minPrice":0,"minPriceForVariant":"","subscriptionPrice":"","subscriptionString":"","priceDisplayCondition":"","finalCostByWeight":false,"submapType":""},"rating":{"averageRating":4.8,"numberOfReviews":21},"salesUnit":"EACH","variantList":[],"isVariantTypeSwatch":false,"brand":null,"manufacturerName":null,"offerId":"A11FD78D37DD43E2B05C3777BB8A9D82","fitmentLabel":"","isAtfMarker":false,"sellerId":"F55CDC31AB754BB68FE0B39041159D63","sellerName":"Walmart.com","hasSellerBadge":null,"seller":{"name":"Walmart.com","sellerId":"F55CDC31AB754BB68FE0B39041159D63"},"sponsoredProduct":null,"checkStoreAvailabilityATC":false,"seeShippingEligibility":false,"rewards":null},{"__typename":"Product","availabilityStatusDisplayValue":"In stock","productLocationDisplayValue":null,"externalInfoUrl":"","canonicalUrl":"/ip/Neutrogena-Ultra-Sheer-Dry-Touch-SPF-55-Sunscreen-Lotion-3-fl-oz/10309483","canAddToCart":false,"showOptions":true,"showBuyNow":false,"description":"\u003cli\u003eBroad Spectrum SPF 55 sunscreen lotion\u003c/li\u003e\u003cli\u003eFast-absorbing \u0026 non-greasy sunscreen\u003c/li\u003e\u003cli\u003eLightweight, oxybenzone-free sun protection\u003c/li\u003e\u003c/li\u003e","flag":"","badge":{"text":"","id":"","type":"","key":""},"fulfillmentBadges":["Pickup","Delivery","3+ day shipping"],"fulfillmentIcon":{"key":"SAVE_WITH_W_PLUS","label":"Save with"},"fulfillmentBadge":"Today","fulfillmentSpeed":["TODAY"],"fulfillmentType":"STORE","groupMetaData":{"groupType":null,"groupSubType":null,"numberOfComponents":0,"groupComponents":null},"id":"3VA43ZMIS1XD","itemType":null,"usItemId":"10309483","image":"https://i5.walmartimages.com/asr/10c3ef08-dff9-4ec3-a043-dce2cdde7d66.6c4c34e0bd676a7683633eb283dabc7b.jpeg?odnHeight=180\u0026odnWidth=180\u0026odnBg=FFFFFF","isOutOfStock":false,"esrb":"","mediaRating":"","name":"Neutrogena Ultra Sheer Dry-Touch SPF 55 Sunscreen Lotion, 3 fl. oz","price":0,"preOrder":{"isPreOrder":false,"preOrderMessage":null,"preOrderStreetDateMessage":null},"priceInfo":{"itemPrice":"","linePrice":"","wasPrice":"","unitPrice":"","shipPrice":"","minPrice":7.69,"minPriceForVariant":"From $7.69","subscriptionPrice":"","subscriptionString":"","priceDisplayCondition":"","finalCostByWeight":false,"submapType":""},"rating":{"averageRating":4.5,"numberOfReviews":471},"salesUnit":"EACH","variantList":[{"name":"1","swatchImageUrl":"","image":"https://i5.walmartimages.com/asr/10c3ef08-dff9-4ec3-a043-dce2cdde7d66.6c4c34e0bd676a7683633eb283dabc7b.jpeg?odnHeight=180\u0026odnWidth=180\u0026odnBg=FFFFFF","productId":"2EE7XOIGE3CG","usItemId":"10309483","canonicalUrl":"/ip/Neutrogena-Ultra-Sheer-Dry-Touch-SPF-55-Sunscreen-Lotion-3-fl-oz/10309483?variantFieldId=count_per_pack"},{"name":"2","swatchImageUrl":"","image":"https://i5.walmartimages.com/asr/10c3ef08-dff9-4ec3-a043-dce2cdde7d66.6c4c34e0bd676a7683633eb283dabc7b.jpeg?odnHeight=180\u0026odnWidth=180\u0026odnBg=FFFFFF","productId":"25NWWN0939B4","usItemId":"704348249","canonicalUrl":"/ip/Neutrogena-Ultra-Sheer-Dry-Touch-SPF-55-Sunscreen-Lotion-3-fl-Oz-2-Pack/704348249?variantFieldId=count_per_pack"}],"isVariantTypeSwatch":false,"brand":null,"manufacturerName":null,"offerId":"9A8C7983EA874D16BE04A6D932B281EC","fitmentLabel":"","isAtfMarker":false,"sellerId":"F55CDC31AB754BB68FE0B39041159D63","sellerName":"Walmart.com","hasSellerBadge":null,"seller":{"name":"Walmart.com","sellerId":"F55CDC31AB754BB68FE0B39041159D63"},"sponsoredProduct":null,"checkStoreAvailabilityATC":false,"seeShippingEligibility":false,"rewards":null},{"__typename":"Product","availabilityStatusDisplayValue":"In stock","productLocationDisplayValue":null,"externalInfoUrl":"","canonicalUrl":"/ip/Neutrogena-Ultra-Sheer-Dry-Touch-SPF-70-Sunscreen-Lotion-3-fl-oz/10309478","canAddToCart":true,"showOptions":false,"showBuyNow":false,"description":"With helioplex broad spectrum UVA UVB. Lightweight clean feel. Fast absorbing leaves skin soft and smooth waterproof. Number one dermatologist recommended suncare. Neutrogena ultra sheer sunblock is a","flag":"","badge":{"text":"","id":"","type":"","key":""},"fulfillmentBadges":["Pickup","Delivery","3+ day shipping"],"fulfillmentIcon":{"key":"SAVE_WITH_W_PLUS","label":"Save with"},"fulfillmentBadge":"Today","fulfillmentSpeed":["TODAY"],"fulfillmentType":"STORE","groupMetaData":{"groupType":null,"groupSubType":null,"numberOfComponents":0,"groupComponents":null},"id":"3FCDLMEXC6SO","itemType":null,"usItemId":"10309478","image":"https://i5.walmartimages.com/asr/d3fd6d0e-82d0-4cf0-a516-b9bffc5e41d8.798e71800fe8a12e03fb00645818550f.jpeg?odnHeight=180\u0026odnWidth=180\u0026odnBg=FFFFFF","isOutOfStock":false,"esrb":"","mediaRating":"","name":"Neutrogena Ultra Sheer Dry-Touch SPF 70 Sunscreen Lotion, 3 fl. oz","price":8.97,"preOrder":{"isPreOrder":false,"preOrderMessage":null,"preOrderStreetDateMessage":null},"priceInfo":{"itemPrice":"$12.69","linePrice":"$8.97","wasPrice":"$12.69","unitPrice":"","shipPrice":"","minPrice":0,"minPriceForVariant":"","subscriptionPrice":"","subscriptionString":"","priceDisplayCondition":"","finalCostByWeight":false,"submapType":""},"rating":{"averageRating":4.6,"numberOfReviews":419},"salesUnit":"EACH","variantList":[],"isVariantTypeSwatch":false,"brand":null,"manufacturerName":null,"offerId":"9D79189AE8F942999DB8ECEEC72F8EF7","fitmentLabel":"","isAtfMarker":false,"sellerId":"F55CDC31AB754BB68FE0B39041159D63","sellerName":"Walmart.com","hasSellerBadge":null,"seller":{"name":"Walmart.com","sellerId":"F55CDC31AB754BB68FE0B39041159D63"},"sponsoredProduct":null,"checkStoreAvailabilityATC":false,"seeShippingEligibility":false,"rewards":null},{"__typename":"Product","availabilityStatusDisplayValue":"In stock","productLocationDisplayValue":null,"externalInfoUrl":"","canonicalUrl":"/ip/CeraVe-Hydrating-Face-Sunscreen-SPF-50-Lightweight-Mineral-Sunscreen-2-5-fl-oz/364585517","canAddToCart":true,"showOptions":false,"showBuyNow":false,"description":"Cerave Sun Face Spf 50","flag":"","badge":{"text":"","id":"","type":"","key":""},"fulfillmentBadges":["Pickup","Delivery"],"fulfillmentIcon":{"key":"SAVE_WITH_W_PLUS","label":"Save with"},"fulfillmentBadge":"Today","fulfillmentSpeed":["TODAY"],"fulfillmentType":"STORE","groupMetaData":{"groupType":null,"groupSubType":null,"numberOfComponents":0,"groupComponents":null},"id":"6BF65N6V5URK","itemType":null,"usItemId":"364585517","image":"https://i5.walmartimages.com/asr/516ea61c-34e1-4e69-89f5-c53c4e6eb86e.82f405b361ada373917c7d19fdb4130a.jpeg?odnHeight=180\u0026odnWidth=180\u0026odnBg=ffffff","isOutOfStock":false,"esrb":"","mediaRating":"","name":"CeraVe Hydrating Face Sunscreen SPF 50, Lightweight Mineral Sunscreen, 2.5 fl oz","price":13.97,"preOrder":{"isPreOrder":false,"preOrderMessage":null,"preOrderStreetDateMessage":null},"priceInfo":{"itemPrice":"$19.53","linePrice":"$13.97","wasPrice":"$19.53","unitPrice":"$5.59/fl oz","shipPrice":"","minPrice":0,"minPriceForVariant":"","subscriptionPrice":"","subscriptionString":"","priceDisplayCondition":"","finalCostByWeight":false,"submapType":""},"rating":{"averageRating":3.3,"numberOfReviews":698},"salesUnit":"EACH","variantList":[],"isVariantTypeSwatch":false,"brand":null,"manufacturerName":null,"offerId":"2ED79700C861466AB2A207AE45059C46","fitmentLabel":"","isAtfMarker":false,"sellerId":"F55CDC31AB754BB68FE0B39041159D63","sellerName":"Walmart.com","hasSellerBadge":null,"seller":{"name":"Walmart.com","sellerId":"F55CDC31AB754BB68FE0B39041159D63"},"sponsoredProduct":null,"checkStoreAvailabilityATC":false,"seeShippingEligibility":false,"rewards":null}],"layoutEnum":"GRID"}],"pageMetadata":{"storeSelectionHeader":null,"title":"Sun Care","canonical":"https://www.walmart.com/browse/personal-care/sun-care/1005862_1001508","description":"Shop for Sun Care in Personal Care. Buy products such as Neutrogena Ultra Sheer Dry-Touch SPF 30 Sunscreen Lotion, 3 fl. oz at Walmart and save.","location":{"addressId":""}},"paginationV2":{"maxPage":25,"pageProperties":{"cat_id":"1005862_1001508","ps":"40","sort":"best_match","displayGuidedNav":true,"affinityOverride":"default","stores":"3081"}},"requestContext":{"vertical":null,"isFitmentFilterQueryApplied":false,"searchMatchType":"{\"trn\":0,\"eo\":\"N\",\"id\":\"00-863f1bdc73f4a9a90d507d4b1bdd4d1c-17a30cb99acdda25-01\"}","categories":{"id":"1005862_1001508","name":"Sun Care"}},"errorResponse":{"correlationId":"00-863f1bdc73f4a9a90d507d4b1bdd4d1c-17a30cb99acdda25-01","source":"sis","errorCodes":null,"errors":[]},"modules":null,"count":48,"gridItemsCount":48,"catInfo":{"catId":"1005862_1001508","name":"Sun Care"}},"seoMetaData":{"metaTitle":"Sun Care - Walmart.com","metaDesc":"Protect yourself from the sun's harmful rays and get a beautiful sun-kissed glow with our top selection of sunscreen, self-tanners, bronzers, tanning lotions \u0026 oils, and more! Shop Coppertone, Banana Boat, Neutrogena, Aveeno + our excellent selection of natural and mineral sunscreens. Free 2-Day Shipping on top sun care. ","metaCanon":"https://www.walmart.com/browse/personal-care/sun-care/1005862_1001508","h1":"Sun Care"},"pageMetadata":{"location":{"pickupStore":"3081","deliveryStore":"3081","intent":"SHIPPING","postalCode":"95829","stateOrProvinceCode":"CA","city":"Sacramento","storeId":"3081","accessPointId":null,"accessType":null},"pageContext":{"browseContext":{"cat_id":"/1005862/1001508","cat_path_name":"/Personal Care/Sun Care"}}}},"initialSearchQueryVariables":{"id":"","dealsId":"","query":"","page":1,"prg":"desktop","catId":"1005862_1001508","facet":"","sort":"best_match","rawFacet":"","seoPath":"","ps":40,"ptss":"","trsp":"","beShelfId":"","recall_set":"","module_search":"","min_price":"","max_price":"","storeSlotBooked":"","additionalQueryParams":{"hidden_facet":null,"translation":null},"searchArgs":{"query":"","cat_id":"1005862_1001508","prg":"desktop","facet":""},"fitmentFieldParams":null,"fitmentSearchParams":{"id":"","dealsId":"","query":"","page":1,"prg":"desktop","catId":"1005862_1001508","facet":"","sort":"best_match","rawFacet":"","seoPath":"","ps":40,"ptss":"","trsp":"","beShelfId":"","recall_set":"","module_search":"","min_price":"","max_price":"","storeSlotBooked":"","additionalQueryParams":{"hidden_facet":null,"translation":null},"searchArgs":{"query":"","cat_id":"1005862_1001508","prg":"desktop","facet":""},"cat_id":"1005862_1001508","_be_shelf_id":""},"fetchMarquee":true,"fetchSkyline":true,"fetchSbaTop":false,"tenant":"WM_GLASS","enablePortableFacets":false},"psych":{"isMobile":false,"isBot":false},"isomorphicSessionId":"0YoRu1mJTNwFwnv0tnQ--","trace":{"traceId":"863f1bdc73f4a9a90d507d4b1bdd4d1c","spanId":"df4a37991ddc6512","traceFlags":1},"isCaching":false,"queryContextCacheId":6363,"bootstrapData":{"account":{"data":{"account":null}},"cart":null,"header":{"data":{"contentLayout":{"modules":[{"name":"TRIPLE10 - Get $10 off your first 3 online pickup or delivery orders. Restrictions apply. - GlobalAlertBar Module - 4.11.22","type":"GlobalAlertBar","moduleId":"1197806b-866e-4e8e-addc-e472091bbfa0","matchedTrigger":{"zone":"alertBar"},"configs":{"athenaEnabled":"False","alertBarV1":{"iconName":null,"text":"New pickup \u0026 delivery customers: get $10 off your first three orders. Restrictions apply.","link":{"linkText":"Use code TRIPLE10","title":"Use code TRIPLE10","clickThrough":{"value":"https://www.walmart.com/cp/1735450?povid=globalalert_couponcode_TRIPLE10"},"uid":"lyDUy-Lz"},"backgroundColor":"#e3e4e5","messageColor":"#2e2f32","showCloseButton":"True"}}}]}},"headers":{}},"footer":{"data":{"location":{"status":true,"postalCode":"95829","nodeId":"3081","errors":[],"shippingAddress":{"addressId":null,"addressLineOne":null,"addressLineTwo":null,"city":"Sacramento","stateOrProvinceCode":"CA","postalCode":"95829"},"pickupNode":{"nodeId":"3081","displayName":"Sacramento Supercenter","addressLineOne":"8915 Gerber Road","city":"Sacramento","stateOrProvinceCode":"CA","postalCode":"95829","accessPointId":null}},"contentLayout":{"modules":[{"name":"GlobalFooterLinks Module,","type":"GlobalFooterLinks","matchedTrigger":{"zone":"footerZone1"},"configs":{"subLinks":[{"link":{"linkText":"All Departments","title":"All Departments","clickThrough":{"type":"url","value":"/all-departments","rawValue":"/all-departments"},"uid":"zuC8vwt4"},"isSFLink":"False","openInNewTab":"False"},{"link":{"linkText":"Store Directory","title":"Store Directory","clickThrough":{"type":"url","value":"/store/directory","rawValue":"/store/directory"},"uid":"H35X2opY"},"isSFLink":"False","openInNewTab":"True"},{"link":{"linkText":"Careers","title":"Careers","clickThrough":{"type":"url","value":"https://careers.walmart.com/","rawValue":"https://careers.walmart.com/"},"uid":"3JvzlnuM"},"isSFLink":"False","openInNewTab":"True"},{"link":{"linkText":"Our Company","title":"Our Company","clickThrough":{"type":"url","value":"https://corporate.walmart.com/","rawValue":"https://corporate.walmart.com/"},"uid":"8ScthXgM"},"isSFLink":"False","openInNewTab":"True"},{"link":{"linkText":"Sell on Walmart.com","title":"Sell on Walmart.com","clickThrough":{"type":"url","value":"https://marketplace.walmart.com/?utm_source=Walmart.com\u0026utm_medium=link\u0026utm_campaign=footer","rawValue":"https://marketplace.walmart.com/?utm_source=Walmart.com\u0026utm_medium=link\u0026utm_campaign=footer"},"uid":"yJ4Ohzsq"},"isSFLink":"False","openInNewTab":"True"},{"link":{"linkText":"Help","title":"Help","clickThrough":{"type":"url","value":"/help","rawValue":"/help"},"uid":"3Owhn3cK"},"isSFLink":"False","openInNewTab":"False"},{"link":{"linkText":"COVID-19 Vaccine Scheduler","title":"COVID-19 Vaccine Scheduler","clickThrough":{"type":"url","value":"https://www.walmart.com/cp/flu-shots-immunizations/1228302","rawValue":"https://www.walmart.com/cp/flu-shots-immunizations/1228302"},"uid":"qCVduDBX"},"isSFLink":"False","openInNewTab":"False"},{"link":{"linkText":"Product Recalls","title":"Product Recalls","clickThrough":{"type":"url","value":"https://corporate.walmart.com/recalls","rawValue":"https://corporate.walmart.com/recalls"},"uid":"zvFmPeD9"},"isSFLink":"False","openInNewTab":"True"},{"link":{"linkText":"Accessibility","title":"Accessibility","clickThrough":{"type":"url","value":"https://www.walmart.com/help/article/responsible-disclosure-and-accessibility-policies/0f173dab8bd942da84b1cd7ab5ffc3cb","rawValue":"https://www.walmart.com/help/article/responsible-disclosure-and-accessibility-policies/0f173dab8bd942da84b1cd7ab5ffc3cb"},"uid":"S48bZs6T"},"isSFLink":"True","openInNewTab":"True"},{"link":{"linkText":"Tax Exempt Program","title":"Tax Exempt Program","clickThrough":{"type":"url","value":"https://www.walmart.com/taxexempt/","rawValue":"https://www.walmart.com/taxexempt/"},"uid":"UDNi8zSy"},"isSFLink":"False","openInNewTab":"True"},{"link":{"linkText":"Get the Walmart App","title":"Get the Walmart App","clickThrough":{"type":"url","value":"https://walmart.onelink.me/UIev?pid=walmart.com\u0026af_web_dp=https%3A%2F%2Fwww.walmart.com%2Fcp%2Fwalmart-mobile-app%2F1087865\u0026c=Walmart.com%20Site%20Footer\u0026af_dp=walmart%3A%2F%2F","rawValue":"https://walmart.onelink.me/UIev?pid=walmart.com\u0026af_web_dp=https%3A%2F%2Fwww.walmart.com%2Fcp%2Fwalmart-mobile-app%2F1087865\u0026c=Walmart.com%20Site%20Footer\u0026af_dp=walmart%3A%2F%2F"},"uid":"E0SzbKzK"},"isSFLink":"False","openInNewTab":"False"},{"link":{"linkText":"Sign-up for Email","title":"Sign-up for Email","clickThrough":{"type":"url","value":"https://www.walmart.com/account/communications-and-privacy?section=marketingemails","rawValue":"https://www.walmart.com/account/communications-and-privacy?section=marketingemails"},"uid":"7Lhnk2mS"},"isSFLink":"False","openInNewTab":"False"},{"link":{"linkText":"Terms of Use","title":"Terms of Use","clickThrough":{"type":"url","value":"/help/article/walmart-com-terms-of-use/3b75080af40340d6bbd596f116fae5a0","rawValue":"/help/article/walmart-com-terms-of-use/3b75080af40340d6bbd596f116fae5a0"},"uid":"0zMqEcVI"},"isSFLink":"False","openInNewTab":"False"},{"link":{"linkText":"Privacy \u0026 Security","title":"Privacy \u0026 Security","clickThrough":{"type":"url","value":"https://corporate.walmart.com/privacy-security","rawValue":"https://corporate.walmart.com/privacy-security"},"uid":"v8SRLDKw"},"isSFLink":"False","openInNewTab":"True"},{"link":{"linkText":"CA Privacy Rights","title":"CA Privacy Rights","clickThrough":{"type":"url","value":"https://corporate.walmart.com/privacy-security/california-privacy-rights","rawValue":"https://corporate.walmart.com/privacy-security/california-privacy-rights"},"uid":"9Ni6sNcm"},"isSFLink":"True","openInNewTab":"True"},{"link":{"linkText":"California Supply Chain Act","title":"California Supply Chain Act","clickThrough":{"type":"url","value":"https://corporate.walmart.com/california-transparency","rawValue":"https://corporate.walmart.com/california-transparency"},"uid":"m7MuhLuF"},"isSFLink":"False","openInNewTab":"True"},{"link":{"linkText":"Do Not Sell My Personal Information","title":"Do Not Sell My Personal Information","clickThrough":{"type":"url","value":"https://www.walmart.com/account/api/ccpa-intake?native=false\u0026app=gm\u0026type=sod","rawValue":"https://www.walmart.com/account/api/ccpa-intake?native=false\u0026app=gm\u0026type=sod"},"uid":"1EAiCJOO"},"isSFLink":"True","openInNewTab":"True"},{"link":{"linkText":"Request My Personal Information","title":"Request My Personal Information","clickThrough":{"type":"url","value":"https://www.walmart.com/account/api/ccpa-intake?native=false\u0026app=gm\u0026type=access","rawValue":"https://www.walmart.com/account/api/ccpa-intake?native=false\u0026app=gm\u0026type=access"},"uid":"vNAKHfwt"},"isSFLink":"True","openInNewTab":"True"}]}}]}},"headers":{}},"cv":{"account":{"_all_":{"vuduLibraryUrl":"https://video.walmart.com/content/account/purchasehistory","enableAccountDWeb":true,"registriesUrl":"/my-registries","enableGoogleAutoComplete":true,"enableMyItemsMenu":true,"enablePostalCodeMessage":false,"enableLocationAutoComplete":true,"eBookUrl":"https://www.walmart.com/account/redirect/kobo?page=library","enableAccountWallet":true,"isInHomeEnabled":true,"ccpaUrl":"/account/ccpa-reporting","enableAccountMWeb":true,"enableSubscriptionModule":true,"walmartPlusUrl":"https://www.walmart.com/grocery/account/plus/overview","enablePostalCodeOnly":false,"listsUrl":"/lists","enableZipcodeInAddressSelector":false,"placeholder":1,"enableWalmartPlus":true,"customCakeUrl":"https://www.walmart.com/order-ahead/cake","itemSubscriptionUrl":"https://www.walmart.com/m/deals/subscriptions/manage","communicationAndPrivacyUrl":"/account/communications-and-privacy","enableWalmartPlusPreference":true,"walmartAssociateUrl":"https://www.walmart.com/account/associate-discount","pharmacyUrl":"https://www.walmart.com/pharmacy/dashboard","enableFeatureCommsAndPrivacy":true,"protectionPlanUrl":"/protection-plans","enchancedAccountPharmacyUrl":"https://www.walmart.com/cp/5431","enableItemSubscriptionRamp":false,"reorderUrl":"https://www.walmart.com/my-items","enableAvsOverride":true,"shouldUpdateCartAfterUpdateZipcode":true,"ccpaNewRequestUrl":"https://www.walmart.com/account/api/ccpa-intake?native=false\u0026amp;type=access","autoCareCenterUrl":"https://www.walmart.com/cp/auto-services/1087266","isFCShippingEnabled":true,"enableItemSubscription":true,"enableAddressLineOneAutofill":false,"enableInHomeAddress":true}},"cart":{"_all_":{"enableCapOne":true,"enableItemUpdates":true,"enableWalmartPlusIntegratedSignUp":true,"enableItemSwitchableBadge":true,"enablePartialCheckout":true,"enableATCOptimization":true,"enableATCRateLimitingMessage":true,"enableGXOSignInNudge":true,"enableSubstituteOOS":true,"enableACCScheduling":true,"enableCapOneRewards":true,"enableGuestCheckout":true,"enablePartialSwitchModuleLevel":true,"enableCallouts":true,"enableAffirm":true,"enableItemNotSwitchableBadge":true,"enableWplusThirtyDaystrial":true,"enableWplus":true,"enableEbt":true,"enableSFL":true,"enableSetPickupMutation":true,"enableAddOnServicesPAC":true,"enableCarePlansAndHomeServices":true,"enableSetShippingOrDeliveryMutation":true,"enableWirelessFreebiePromo":true,"enableRegistry":true,"enableCartGIC":true,"enableSubstituteOOSV2":false,"enableShippingIntent":true,"enableOmniPromise":true,"enableEnhancedEmptyCart":true,"enableWirelessPostpaid":true,"enableQueueing":true,"sflCountPerPagination":20,"enableProductTileV2":false,"enableFulfillmentHeadersV2":true,"enableEarlyAccess":true,"enableInHomeDelivery":true,"enableLastCall":true,"enableAccSchedulingFindStores":true,"enableOOSHotFix":true,"disableGetCartCSR":false,"enableSFLPerformanceMode":false,"enablePAC":true,"enableNonConfigBundles":true,"enableShopSimilar":false,"enableSigninBenefits":true,"enableWplusFulfillmentBanner":true,"enablePACCheckout":false,"initialSFLCount":10,"enableCXOPrefetch":true,"enableItemSwitchableTempBadge":false,"enableAEBadge":true,"enableATCAnimation":false,"enableStoreSnackBarMessage":false}},"bookslot":{"_all_":{"enableStoreHours":true,"gmStoreMessageForNoUSPSlot":true,"enableWirelessPostpaid":true,"hideStoreChooserDefaultAlert":true,"walmartPlusFreeDelivery":true,"enablePriorityTimesIntegratedSignup":true,"tempoCacheExpirationInSeconds":300,"enableWalmartPlusIntegratedSignUp":true,"enablePriorityTimes":true,"hidePickupSlotPrice":true,"alcoholRestrictedSlotsFilterEnable":true,"disableMergeAndGetCartCSR":false,"enableBlockRegistrantAddressDelivery":true,"enableFulfillmentIntent":true,"maxCountOfStoresForInventory":5,"disableFreeDeliveryBannerForExpressOnlyStores":true,"enableNoSlotPreselectionOnTabSwitch":false,"enableSlotPreSelectionV2":true,"enableInHomeSlotsQueryHeader":true,"mergeSlotsEnable":true,"enablePickupOnShippingIntent":true,"enableNoPickupSlotSelectionForDefaultStore":true,"enableWalmartPlus":true,"nodeSelectableOnlineEnable":true,"enableEarliestAvailableSlotPreselection":false,"enableEarliestAvailableDayPreselection":false,"enablePreselectionV2UserIntentOverReservation":false}},"header":{"_all_":{"showNavLinks":true,"isAlertBarEnabled":true,"fetchLocationCSROnLoad":true,"fetchLocation":true,"enableGIC":false,"calloutViewsPerIdPerBSTC":1,"calloutViewsPerIdPerVTC":2,"maxCalloutsPerBSTC":4,"showOptOut":true,"calloutsEnabled":true,"showAddressLineOne":true,"navLinks":"'[{\"name\": \"Grocery\",\"link\": \"https://www.walmart.com/cp/1735450\"},{\"name\": \"Fashion\",\"link\": \"https://www.walmart.com/cp/clothing/5438\"},{\"name\": \"Home\",\"link\": \"https://www.walmart.com/cp/home/4044\"},{\"name\": \"Toys\",\"link\": \"https://www.walmart.com/cp/toys/4171\"},{\"name\": \"Walmart+\",\"link\": \"https://www.walmart.com/plus\"},{\"name\": \"Savings hub\",\"link\": \"https://www.walmart.com/shop/deals\"},{\"name\": \"Deal of the Day\",\"link\": \"https://www.walmart.com/ip/KidKraft-Forestview-II-Wooden-Outdoor-Playhouse-with-Ringing-Doorbell-Bench-and-Kitchen/928534389?athbdg=L1300\"}]'"}},"pulse":{"_all_":{"alwaysAllowedTagList":"","logLevel":"info","enableV1Schema":true,"enableQuantumMetric":true}},"footer":{"_all_":{"enableXOFeedback":true,"hideGiveFeedbackSection":true}},"shared":{"_all_":{"enableQueueing":false,"legacySiteNGRedirectEnabled":false,"enableExpressSla":true,"legacySiteInhomeRedirectEnabled":false,"aeModuleHeaderText":"Black Friday Deals pickup","helpLinkReturnRefunds":"https://www.walmart.com/help/channel/returns-and-refunds/5a33a1f61af8479e9d1bd8b727e9e761","legacySiteDirectspendingRedirectEnabled":false,"legacySiteEbtRedirectEnabled":false,"enableWaitingHallway":true,"disableGetCartSSR":true,"queueTimeToCompletePurchase":10,"helpLinkStorePurchase":"https://www.walmart.com/help/article/view-store-purchases/f56a1afbf3b5428bb69f0124daa49108","beaconWithQuantumMetrics":false,"itemReservationsBannerText":"left to buy your item","helpLinkMobileAlertsTerms":"https://www.walmart.com/help/article/mobile-alerts-terms-of-use/499122d9bba94d08b50e8facf42fcc82","enableFullPageCart":true,"enableGifting":true,"enableHubAndSpoke":true,"bookSlotPersistentFilterEnable":false,"queueRefetchInterval":5000,"helpLinkMPReturnPolicy":"https://www.walmart.com/help/article/walmart-marketplace-return-policy/63c3566a9d3546858582acae2fbfdb7e","queueMaxRefetchDuration":900000,"helpLinkTermsOfUse":"https://www.walmart.com/help/article/walmart-com-terms-of-use/3b75080af40340d6bbd596f116fae5a0","placeholder":"US","enableAdSessionId":true,"enableAstCookie":true,"enableSinglePageXO":false}},"ads":{"_all_":{"spMq2Measure3PEnable":true,"adResponseBeaconEnable":true,"adPreviousResponseNullCheck":true,"displayProductPos":true,"spMq2Measure1PEnable":true,"ipMq1RenderEnable":true,"ipSkReqEnable":true,"bpMq2Measure1PEnable":true,"displayOrderDeduplication":true,"measure3PImpEnable":true,"cacheBusterTimeDiffMs":180000,"bpSkReqEnable":true,"bpMq2ReqEnable":true,"spMq1RenderEnable":true,"bpSkMeasure1PEnable":true,"adShowAtcFieldEnable":true,"bpSkMeasure3PEnable":true,"spMq2RenderEnable":true,"ipSpc2Measure1PEnable":true,"hpMq1Measure1PEnable":true,"displayPoVAdBlockerEnable":false,"hpMq1Measure3PEnable":true,"spSkRenderEnable":true,"bpSpc1ReqEnable":true,"displayUnitWrapperUnmount":true,"bpMq1ReqEnable":true,"displayAddlInfo":true,"displayCheckIp":false,"bpMq1RenderEnable":true,"adManualShelfIdCheck":true,"hpMq2RenderEnable":true,"moatIvt":"https://www.walmart.com/swag/v2/ip-rd","bpMq2RenderEnable":true,"hpMq1RenderEnable":true,"ipSpc2ReqEnable":true,"spSkMeasure1PEnable":true,"displaySbaLogospQs":true,"spSkMeasure3PEnable":true,"bpSpc1Measure1PEnable":true,"displayProductsPos":false,"adSPIncrementDecrementCheck":true,"spMq1Measure1PEnable":true,"hpP3NMeasure1PEnable":true,"ipSkMeasure1PEnable":true,"adViewableGmBeaconCheck":true,"spMq1Measure3PEnable":true,"bpMq1Measure1PEnable":true,"ipSpc1ReqEnable":true,"updateAdV2Query2StoreEnable":false,"spMq2ReqEnable":true,"bpSkRenderEnable":true,"lazyRenderCmp":false,"ipMq1Measure3PEnable":true,"ipMq1Measure1PEnable":true,"spSkReqEnable":true,"displayPreviousRenderCheck":true,"safeframeURL":"https://i5.walmartimages.com/dfw/63fd9f59-d6ba/07b8ea82-184c-4ea3-8ac0-5dc1981e40c8/v33/safeframe.html","hpMq1ReqEnable":true,"bpMq1Measure3PEnable":true,"displayPPMMode":true,"ipSpc1Measure1PEnable":true,"bpBigMeasure1PEnable":true,"ipSkMeasure3PEnable":true,"ipMq1ReqEnable":true,"ipMq2Measure1PEnable":true,"ipMq2Measure3PEnable":true,"hpMq2Measure3PEnable":true,"hpMq2Measure1PEnable":true,"spMq1ReqEnable":true,"spSpc1ReqEnable":true,"ipP3NMeasure1PEnable":true,"bpMq2Measure3PEnable":true,"displayDeduplication":true,"adCategoryTakeoverCheck":true,"blockInternal":true,"ipSkRenderEnable":true,"hpMq2ReqEnable":true,"ipMq2ReqEnable":true,"spSpc1Measure1PEnable":true,"ipMq2RenderEnable":true,"adsXpa":"9nMgr,WqVri,QdefC,ZCBNY","sbaMwebRedesignV2Enable":false,"sbaMwebRedesignV1Enable":false}},"search":{"_all_":{"enableLeftHandNav":false,"enableExternalInfoUrl":true,"fetchItemsV2Enable":true,"enableNewStackedRecallNoResult":true,"threeColumnGrid":false,"enableGIC":false,"fitmentModulesEnable":true,"bannerModulesEnable":true,"enableGrapqlQueryParams":true,"searchPersistentFilterEnable":false,"enableFulfillmentMethodDemo":false,"clientFetchTimeoutMs":15000,"fetchTimeoutMs":7000,"bookSlotPersistentFilterEnable":false,"postProcessedQueryEnable":true,"imageSizeEnum":"3","seoModulesEnable":true,"enableMaxWidth":false,"partialRenderEnable":true,"enablePortableFacets":false}}}},"enableGqlCsrRedirect":true,"nonce":"mdSnWJ7LbT93V6OW","adSessionId":"99839538a2b9de15a620a25c655ff826"}},"page":"/browse/[...seo]","query":{"seo":["personal-care","sun-care","1005862_1001508"]},"buildId":"production_20220421T083256232Z-en-US","assetPrefix":"https://i5.walmartimages.com/dfw/63fd9f59-e039/615722fa-18ec-427a-af70-ab78d9c9d0f1/v2/en-US","runtimeConfig":{"isDev":false,"enableLatencyTrace":true,"enablePersistedQueries":false,"tenant":"WM_GLASS","tenantV2":{"bu":"WALMART-US","mart":"B2C"},"mockURL":"http://mock-backend.dev.walmart.com/","mock":true,"endpointMappings":{"operations":{"query configuration":"cegateway","query ContentPage":"cegateway","query checkItemCartEligibility":"cecxo","mutation MergeAndGetCart":"cecxo","query getGuestOrder":"cegateway","query PurchaseHistory":"cecph","mutation NotifyCapOneBannerSnooze":"cegateway","mutation CancelOrder":"cecph","query LastCallPage":"cegateway","query AdV2Display":"adsgateway","query GetCommPreference":"cegateway","query PurchasedProtectionPlans":"cecph","query ProtectionPlanDetail":"cecph","query subscriptions":"cegateway","query CartSubstitutions":"cegateway","query CartShopSimilar":"cegateway","query GetEarlyAccessLearnMoreData":"ceaccount","query PostCartLoadPage":"cegateway"},"queryStrings":{"step=cart":"cecxo","step=bookslot":"cecxo","entitytype=*":"ceorders","state=*":"ceorders","source=*":"ceorders"},"pages":{"*":"cegateway","/":"cegateway","/404":"cegateway","/account/*":"cegateway","/all-departments":"cegateway","/browse/*":"cegateway","/c/[...seo]":"cegateway","/ci-control":"cegateway","/cp/[...categoryParams]":"cegateway","/content/[...categoryParams]":"cegateway","/help/*":"cegateway","/ip/[...itemParams]":"cegateway","/lists/*":"cegateway","/my-items":"cegateway","/my-registries":"cegateway","/shop/*":"cegateway","/shop/[...seo]":"cegateway","/nonprofits/*":"cegateway","/orders/*":"ceorders","/partner/plus/*":"cegateway","/plus/*":"cegateway","/product/[...itemParams]":"cegateway","/registry/*":"cegateway","/reviews/*":"cegateway","/search/*":"cegateway","/seller/*":"cegateway","/services":"cegateway","/thankyou":"cecxo","/topic/[...seo]":"cegateway","/tp/*":"cegateway","/update-payment-method-form":"cegateway","/update-payment-method":"cegateway","/wallet/associate-discount":"cegateway","/subscriptions/manage":"cegateway","/cart":"cecxo","/pac":"cecxo"}},"googleMaps":{"checkAddressAPIKey":"AIzaSyCX5gh3yoq4316wUDxRpljFOwWA6_-BEMg","addressAPIKey":"AIzaSyBIAnB1a3UejjFVRNtszhaEE8yrKySRTEo","geoCodingAPIKey":"AIzaSyBvv63fBVZ1RtNJLGkN9XCFE1WfVl0o1HY","riseMapAPIKey":{"dev":"AIzaSyA9K6pBcYvCp4_FxKHsPi-JDJfvcvSbtp0","defaultKey":"AIzaSyA0Gi6N7afDzAqBiPI3MlWDMaaxC5xKldM"}},"pulseBeacon":{"enable":true,"hostname":"i5.walmartimages.com","bd":"beacon.walmart.com","bh":"beacon.lightestwithqm.walmart.com","hostWithQM":"beacon.lightestwithqm.walmart.com","hostWithoutQM":"beacon.lightest.walmart.com"},"perimeterX":{"enable":true,"initScript":"https://www.walmart.com/px/PXu6b0qd2S/init.js"},"identity":{"context":{"signOutUrl":"https://www-e16.walmart.com/account/logout","signInPathname":"/account/login","createAccountPathname":"/account/signup"},"authFrameRoutes":{"frame":"/account/login","gxoSignin":"/account/login","gxoSignup":"/account/signup/gxo","reauthFrame":"/account/login"}},"threatMetrix":{"enable":true},"paymentsPageUrl":"https://wallet.walmart.com/payments?wv=main","paymentsChooserPageUrl":"https://wallet.walmart.com/payments/chooser","moatIvt":"https://www.walmart.com/swag/v2/ip-rd","appVersion":"main-496-1d0ab3","appSha":"1d0ab3ebf4812827b5054575809f89a795842f63","profile":"production","tmxOrgId":"hgy2n0ks","dataCenter":"wus","queryContext":{"appVersion":"main-496-1d0ab3","isPerimeterXTest":false,"gql":{"endpointsByName":{"ceaccount":"/orchestra/account/graphql","cecxo":"/orchestra/cartxo/graphql","cecph":"/orchestra/cph/graphql","adsgateway":"/swag/graphql","ceorders":"/orchestra/orders/graphql","cegateway":"/orchestra/home/graphql"}},"rest":{"endpointsByName":{"cereturns":"/orchestra/api/returns","ceaccount":"/orchestra/api/account","cehelp":"/orchestra/help/api","cehelpchat":"/orchestra/helpChat/api","ceidentity":"/orchestra/account/electrode/api/identity","typeahead":"/typeahead/v3/complete","espvalidation":"/esp/prepaid/v1/plans","warppaymentoptions":"/orchestra/api/online/variantbasic/item","cewarp":"/orchestra/api/warp","ceccm":"/orchestra/api/ccm/v1/bootstrap","cewireless":"/orchestra/api/wireless"}}}},"isFallback":false,"dynamicIds":[5338,63446,46445,81410,73045,1911,8674,31140,58175,44616],"customServer":true,"gip":true,"appGip":true,"locale":"en","locales":["en"],"defaultLocale":"en","scriptLoader":[]}</script><script nonce="mdSnWJ7LbT93V6OW" src="//i5.walmartimages.com/a14/cdn-doms-usgm.js"></script><script async="async" defer="defer" nonce="mdSnWJ7LbT93V6OW" src="//i5.walmartimages.com/a14/cdn-perf.min.js"></script><script nonce="mdSnWJ7LbT93V6OW">window.SW_DOMAIN = "walmart.com"</script><script nonce="mdSnWJ7LbT93V6OW">(function(e){var t=e.document;BOOMR=e.BOOMR||{};BOOMR.plugins=BOOMR.plugins||{};var n={localStorageTestKey:"TorbitLSTest",pageTags:[],pageConversions:[],initHasRun:false};BOOMR.plugins.pageMeta={init:function(r){initHasRun=true;try{localStorage.setItem(n.localStorageTestKey,n.localStorageTestKey);localStorage.removeItem(n.localStorageTestKey);BOOMR.addVar("ls",1)}catch(i){BOOMR.addVar("ls",0)}if(e.location.protocol=="https:")BOOMR.addVar("prt",1);else BOOMR.addVar("prt",0);BOOMR.addVar("ref",t.referrer);if(e.performance&&e.performance.memory){for(m_name in e.performance.memory){if(e.performance.memory.hasOwnProperty(m_name)){BOOMR.addVar(m_name,e.performance.memory[m_name])}}}BOOMR.addVar("wH",e.innerHeight||t.body.clientHeight||t.documentElement.clientHeight);BOOMR.addVar("tags",n.pageTags.join("|"));return this},addTag:function(e){n.pageTags.push(e);if(!n.initHasRun){return}BOOMR.addVar("tags",n.pageTags.join("|"))},addConversion:function(e,t){var r=e;if(t&&(t>0||t.length>0))r=e+"="+t;n.pageConversions.push(r);BOOMR.addVar("conversion",n.pageConversions.join("|"))},is_complete:function(){return true}}})(window);(function(e){try{e._tbq=e._tbq||[];_tbq.push=function(e){if(e.length<1||!e[0])return;switch(e[0]){case"tag":if(e.length<2)return;BOOMR.plugins.pageMeta.addTag(e[1]);break;case"startTimer":if(e.length<2)return;BOOMR.plugins.customEvents.startTimer(e[1]);break;case"endTimer":if(e.length<2)return;BOOMR.plugins.customEvents.endTimer(e[1]);break}};for(i in _tbq){if(_tbq.hasOwnProperty(i)&&i!="push"){_tbq.push(_tbq[i]);delete _tbq[i]}}}catch(t){}})(window);</script><script nonce="mdSnWJ7LbT93V6OW">window._pxAppId = 'PXu6b0qd2S'</script><script async="async" defer="defer" nonce="mdSnWJ7LbT93V6OW" src="/px/PXu6b0qd2S/init.js"></script></body></html>