<!DOCTYPE html>
<html lang="en"><head nonce="1Oaa7QHNXHckLVa1"><link href="//dis.criteo.com" rel="dns-prefetch"/><link href="//ib.adnxs.com" rel="dns-prefetch"/><link href="//secure-assets.rubiconproject.com" rel="dns-prefetch"/><link href="//beam.hlserve.com" rel="dns-prefetch"/><link href="//pubads.g.doubleclick.net" rel="dns-prefetch"/><link href="//omniture-ssl.walmart.com" rel="dns-prefetch"/><link href="//omniture.walmart.com" rel="dns-prefetch"/><link href="//p.typekit.net" rel="dns-prefetch"/><link href="//pagead2.googlesyndication.com" rel="dns-prefetch"/><link href="//partner.googleadservices.com" rel="dns-prefetch"/><link href="//tpc.googlesyndication.com" rel="dns-prefetch"/><link href="//beacon.walmart.com" rel="dns-prefetch"/><link href="//b.wal.co" rel="dns-prefetch"/><link href="//i5.wal.co" rel="dns-prefetch"/><link href="//i5.walmartimages.com" rel="dns-prefetch"/><meta content="width=device-width" name="viewport"/><meta charset="utf-8"/><meta content="105223049547814" property="fb:app_id"/><link as="font" crossorigin="anonymous" href="https://i5.walmartimages.com/dfw/63fd9f59-a78c/fcfae9b6-2f69-4f89-beed-f0eeb4237946/v1/BogleWeb_subset-Bold.woff2" rel="preload" type="font/woff2"/><link as="font" crossorigin="anonymous" href="https://i5.walmartimages.com/dfw/63fd9f59-a78c/fcfae9b6-2f69-4f89-beed-f0eeb4237946/v1/BogleWeb_subset-Regular.woff2" rel="preload" type="font/woff2"/><script nonce="1Oaa7QHNXHckLVa1">var _bcq=_bcq || [];_bcq.push(['_setOptions',{start_time:(new Date()).getTime(),bd:'beacon.walmart.com',bh:'beacon.lightestwithqm.walmart.com',sv:'1.1.5'}]);(function initObserver(){function getSessionId(){var nextEl=document.getElementById("__NEXT_DATA__");var text=nextEl && nextEl.textContent;var dd;try{dd=JSON.parse(text || "{}");}catch (exc){dd={};}var sid=dd && dd.props && dd.props.pageProps && dd.props.pageProps.isomorphicSessionId;return sid || "unknown";}function getContextInfo(propName){var nextEl=document.getElementById("__NEXT_DATA__");var text=nextEl && nextEl.textContent;var dd;try{dd=JSON.parse(text || "{}");}catch (exc){dd={};}return dd && dd.runtimeConfig && dd.runtimeConfig[propName] || "unknown";}function onerror(evt){var el=evt.target;var url=el.getAttribute("src") || el.getAttribute("href");_bcq.push(["_tagAction","walmartWeb","log","wcnp_walmart-web",{msg:{isomorphicSessionId:getSessionId(),appVersion:getContextInfo("appVersion"),datacenter:getContextInfo("dataCenter"),message:{logContent:{message:"Required script failed to load. " + url},type:"CONSOLE_ERROR"},tags:["error","platform","client-error-logger"]},pg:{nm:"walmartWeb"},ta:{}}]);}function onchange(changes){if (!(changes && changes.length)){return;}for (var chg of changes){var added=chg.addedNodes;if (!(added && added.length && chg.type ==="childList")){continue;}var node=added[0];var tag=node.nodeName;var rel=node.rel;var isLink=tag ==="LINK";var isCss=isLink && rel ==="stylesheet";var isPreload=isLink && rel ==="preload" && ["font","style"].indexOf(node.as) >=0;if (tag ==="SCRIPT" || isCss || isPreload){node.onerror=onerror;}}}var observer=new MutationObserver(onchange);observer.observe(document,{attributes:true,childList:true,subtree:true});return{getSessionId:getSessionId,getContextInfo:getContextInfo,observer:observer,onchange:onchange,onerror:onerror};})();</script><script async="" nonce="1Oaa7QHNXHckLVa1" src="//i5.walmartimages.com/beacon/beacon.js?bd=beacon.walmart.com&amp;bh=beacon.lightestwithqm.walmart.com"></script><link as="image" href="//i5.walmartimages.com/dfw/63fd9f59-b3e1/7a569e53-f29a-4c3d-bfaf-6f7a158bfadd/v1/walmartLogo.svg" rel="preload"/><title>Air Fresheners - Walmart.com</title><meta content="Shop for Air Fresheners at Walmart.com. Save Money. Live Better." name="description"/><link href="https://www.walmart.com/browse/household-essentials/air-fresheners/1115193_1025739" rel="canonical"/><meta content="https://www.walmart.com/browse/household-essentials/air-fresheners/1115193_1025739" property="og:url"/><meta content="Shop for Air Fresheners at Walmart.com. Save Money. Live Better." property="og:description"/><meta content="Air Fresheners - Walmart.com" property="og:title"/><meta content="https://i5.walmartimages.com/asr/7cc17cd7-6f44-452d-bfd7-1b0795941420.c8323aa8731ce3eda8afa8b2f71cb639.jpeg?odnHeight=180&amp;odnWidth=180&amp;odnBg=FFFFFF" property="og:image"/><meta content="Website" property="og:type"/><meta content="Walmart.com" property="og:site_name"/><script nonce="1Oaa7QHNXHckLVa1" type="application/ld+json">{"@context":"https://schema.org","@type":"BreadcrumbList","itemListElement":[{"@type":"ListItem","position":1,"item":{"@type":"Thing","@id":"https://www.walmart.com/cp/household-essentials/1115193","name":"Household Essentials"}},{"@type":"ListItem","position":2,"item":{"@type":"Thing","@id":"https://www.walmart.com/cp/air-fresheners/1025739","name":"Air Fresheners"}}]}</script><link as="image" href="https://i5.walmartimages.com/dfw/4ff9c6c9-ed0a/k2-_77ba42c6-dc18-45ce-a9a9-7d04bfd1e707.v1.png" rel="preload"/><meta content="19" name="next-head-count"/><link as="style" href="https://i5.wal.co/dfw/63fd9f59-e039/615722fa-18ec-427a-af70-ab78d9c9d0f1/v2/en-US/_next/static/css/7baa89255db6cf50f3c1.css-f6bec5ca5fb2adf62a93a23e4aa22d59b5f5b64e-br.css" nonce="1Oaa7QHNXHckLVa1" rel="preload"/><link data-n-g="" href="https://i5.wal.co/dfw/63fd9f59-e039/615722fa-18ec-427a-af70-ab78d9c9d0f1/v2/en-US/_next/static/css/7baa89255db6cf50f3c1.css-f6bec5ca5fb2adf62a93a23e4aa22d59b5f5b64e-br.css" nonce="1Oaa7QHNXHckLVa1" rel="stylesheet"/><noscript data-n-css="1Oaa7QHNXHckLVa1"></noscript><script defer="" nomodule="" nonce="1Oaa7QHNXHckLVa1" src="https://i5.wal.co/dfw/63fd9f59-e039/615722fa-18ec-427a-af70-ab78d9c9d0f1/v2/en-US/_next/static/chunks/polyfills-22f49077a08c8b727a92.js-2888a059fae99000732a24cf69becfa1d3132b0d-br.js"></script><script defer="" nonce="1Oaa7QHNXHckLVa1" src="https://i5.wal.co/dfw/63fd9f59-e039/615722fa-18ec-427a-af70-ab78d9c9d0f1/v2/en-US/_next/static/chunks/5338.aa39b8606d1de3c338d8.js-a51f98ef1236d79664d176491361dc7f537210fd-br.js"></script><script defer="" nonce="1Oaa7QHNXHckLVa1" src="https://i5.wal.co/dfw/63fd9f59-e039/615722fa-18ec-427a-af70-ab78d9c9d0f1/v2/en-US/_next/static/chunks/63446.126d0a14fc5fa3d720af.js-dcbc87f6989e089a21779e40a586e6f87ca66423-br.js"></script><script defer="" nonce="1Oaa7QHNXHckLVa1" src="https://i5.wal.co/dfw/63fd9f59-e039/615722fa-18ec-427a-af70-ab78d9c9d0f1/v2/en-US/_next/static/chunks/46445.b881e1bfa0f20507e9cd.js-39dc1b60a17db78c542603ab7c6229f0c70d5c17-br.js"></script><script defer="" nonce="1Oaa7QHNXHckLVa1" src="https://i5.wal.co/dfw/63fd9f59-e039/615722fa-18ec-427a-af70-ab78d9c9d0f1/v2/en-US/_next/static/chunks/81410.003596c858992796d940.js-ba25658dd6c710a72772f9baf5c9380a97c90343-br.js"></script><script defer="" nonce="1Oaa7QHNXHckLVa1" src="https://i5.wal.co/dfw/63fd9f59-e039/615722fa-18ec-427a-af70-ab78d9c9d0f1/v2/en-US/_next/static/chunks/35404.d9c1d93b8aa86928893f.js-216c415d8392a763c1d5932f7e52c2b089ae0aaa-br.js"></script><script defer="" nonce="1Oaa7QHNXHckLVa1" src="https://i5.wal.co/dfw/63fd9f59-e039/615722fa-18ec-427a-af70-ab78d9c9d0f1/v2/en-US/_next/static/chunks/49966.d184338b769a78914fc6.js-03e2d8b0b0d0e28ed670c8585edfe413151cf8e3-br.js"></script><script defer="" nonce="1Oaa7QHNXHckLVa1" src="https://i5.wal.co/dfw/63fd9f59-e039/615722fa-18ec-427a-af70-ab78d9c9d0f1/v2/en-US/_next/static/chunks/73045.6c4de63c5af0bcd70034.js-737b7270f34ca1ffc541015a564c1856a8b60851-br.js"></script><script defer="" nonce="1Oaa7QHNXHckLVa1" src="https://i5.wal.co/dfw/63fd9f59-e039/615722fa-18ec-427a-af70-ab78d9c9d0f1/v2/en-US/_next/static/chunks/1354.0e5015723ebf33570aa0.js-5475b3df32dfdb4c4d5a1d08b42dbb4326422b4c-br.js"></script><script defer="" nonce="1Oaa7QHNXHckLVa1" src="https://i5.wal.co/dfw/63fd9f59-e039/615722fa-18ec-427a-af70-ab78d9c9d0f1/v2/en-US/_next/static/chunks/10306.975c2534dc69a3ed4fef.js-1ea1ea9e923c95ad378a43c1d1c6fb45e449d2f5-br.js"></script><script defer="" nonce="1Oaa7QHNXHckLVa1" src="https://i5.wal.co/dfw/63fd9f59-e039/615722fa-18ec-427a-af70-ab78d9c9d0f1/v2/en-US/_next/static/chunks/1911.7275428757ec8e3a48bb.js-0bb16bf2fec9a3a1586099ffc0018b7df3b49067-br.js"></script><script defer="" nonce="1Oaa7QHNXHckLVa1" src="https://i5.wal.co/dfw/63fd9f59-e039/615722fa-18ec-427a-af70-ab78d9c9d0f1/v2/en-US/_next/static/chunks/66092.d6c0c081ac244d5a2bb0.js-c8bc4f77d9375daa8f511a4498ffa886280c278b-br.js"></script><script defer="" nonce="1Oaa7QHNXHckLVa1" src="https://i5.wal.co/dfw/63fd9f59-e039/615722fa-18ec-427a-af70-ab78d9c9d0f1/v2/en-US/_next/static/chunks/8554-4b4ac7eb009f25e3795e.js-23a0a4df755926473eb2eb3ce2b22e56382b65e8-br.js"></script><script defer="" nonce="1Oaa7QHNXHckLVa1" src="https://i5.wal.co/dfw/63fd9f59-e039/615722fa-18ec-427a-af70-ab78d9c9d0f1/v2/en-US/_next/static/chunks/82453.315845470c613e34337e.js-d183166766fab1f0498c7860c3999b6d3287d3c2-br.js"></script><script defer="" nonce="1Oaa7QHNXHckLVa1" src="https://i5.wal.co/dfw/63fd9f59-e039/615722fa-18ec-427a-af70-ab78d9c9d0f1/v2/en-US/_next/static/chunks/25200.29813634f5927b21fa88.js-6fa9376d45aebb91b177935de1ddc310c8df4c6f-br.js"></script><script defer="" nonce="1Oaa7QHNXHckLVa1" src="https://i5.wal.co/dfw/63fd9f59-e039/615722fa-18ec-427a-af70-ab78d9c9d0f1/v2/en-US/_next/static/chunks/44616.9183607af80598eab0f4.js-20a20df4526a677e35ba113d0e0438de3cd03f36-br.js"></script><script defer="" nonce="1Oaa7QHNXHckLVa1" src="https://i5.wal.co/dfw/63fd9f59-e039/615722fa-18ec-427a-af70-ab78d9c9d0f1/v2/en-US/_next/static/chunks/webpack-f042785213d6a205ce3c.js-3b83cbb1851d3007da6b7e37a4f3cc6e37f6fe1c-br.js"></script><script defer="" nonce="1Oaa7QHNXHckLVa1" src="https://i5.wal.co/dfw/63fd9f59-e039/615722fa-18ec-427a-af70-ab78d9c9d0f1/v2/en-US/_next/static/chunks/main-69568291252d58120936.js-c5f22391e4683416e15f41b6b853fe010177afc1-br.js"></script><script defer="" nonce="1Oaa7QHNXHckLVa1" src="https://i5.wal.co/dfw/63fd9f59-e039/615722fa-18ec-427a-af70-ab78d9c9d0f1/v2/en-US/_next/static/chunks/pages/_app-b881abfe470b508247bd.js-75a3a9a9f295fb4dd916efc9d3f6c163c30233ca-br.js"></script><script defer="" nonce="1Oaa7QHNXHckLVa1" src="https://i5.wal.co/dfw/63fd9f59-e039/615722fa-18ec-427a-af70-ab78d9c9d0f1/v2/en-US/_next/static/chunks/50329-a6eef8d87d6c7e7b8063.js-510d03d327978848af54e405222a3e234057dcd4-br.js"></script><script defer="" nonce="1Oaa7QHNXHckLVa1" src="https://i5.wal.co/dfw/63fd9f59-e039/615722fa-18ec-427a-af70-ab78d9c9d0f1/v2/en-US/_next/static/chunks/42121-9e7148d007f15f7aa0cc.js-271a31d898ebd2bea5ee4ebdf5974764ac5ca3e6-br.js"></script><script defer="" nonce="1Oaa7QHNXHckLVa1" src="https://i5.wal.co/dfw/63fd9f59-e039/615722fa-18ec-427a-af70-ab78d9c9d0f1/v2/en-US/_next/static/chunks/4128-e4ab074359c28dbc52cd.js-b30ef35724a1280a89c76566317f159ffcf89ff6-br.js"></script><script defer="" nonce="1Oaa7QHNXHckLVa1" src="https://i5.wal.co/dfw/63fd9f59-e039/615722fa-18ec-427a-af70-ab78d9c9d0f1/v2/en-US/_next/static/chunks/54281-f7eebc3a8d6272c28de2.js-ef70c9b23e0f5777edf9eae2f8b8bb33361f69e8-br.js"></script><script defer="" nonce="1Oaa7QHNXHckLVa1" src="https://i5.wal.co/dfw/63fd9f59-e039/615722fa-18ec-427a-af70-ab78d9c9d0f1/v2/en-US/_next/static/chunks/28399-329bc1cbfe7567477d62.js-69ac478fcbf6bc23acdb3b810b667bd4dfc8ef4a-br.js"></script><script defer="" nonce="1Oaa7QHNXHckLVa1" src="https://i5.wal.co/dfw/63fd9f59-e039/615722fa-18ec-427a-af70-ab78d9c9d0f1/v2/en-US/_next/static/chunks/32972-659182fa28afa5e19d7f.js-7604ef37d2a74cabb4da6eb2c6191c016f50fc01-br.js"></script><script defer="" nonce="1Oaa7QHNXHckLVa1" src="https://i5.wal.co/dfw/63fd9f59-e039/615722fa-18ec-427a-af70-ab78d9c9d0f1/v2/en-US/_next/static/chunks/65480-39fd2bde5ba61dd52c99.js-2fcef6aaa3376eb18ea4d1ae98bcc97b76de5c0a-br.js"></script><script defer="" nonce="1Oaa7QHNXHckLVa1" src="https://i5.wal.co/dfw/63fd9f59-e039/615722fa-18ec-427a-af70-ab78d9c9d0f1/v2/en-US/_next/static/chunks/25330-3bdf0676075a80280517.js-3daf7a06871e1ddf244cb02609aa281a757e0749-br.js"></script><script defer="" nonce="1Oaa7QHNXHckLVa1" src="https://i5.wal.co/dfw/63fd9f59-e039/615722fa-18ec-427a-af70-ab78d9c9d0f1/v2/en-US/_next/static/chunks/75282-8fbd8c4481018d231743.js-af5c4b7c94f75372d4a0901657ce219bd6311331-br.js"></script><script defer="" nonce="1Oaa7QHNXHckLVa1" src="https://i5.wal.co/dfw/63fd9f59-e039/615722fa-18ec-427a-af70-ab78d9c9d0f1/v2/en-US/_next/static/chunks/pages/browse/%5B...seo%5D-71966770dbc658faeffc.js-465a4de33e7e0367d7fdacd48bd572fbf6d452d6-br.js"></script><script defer="" nonce="1Oaa7QHNXHckLVa1" src="https://i5.wal.co/dfw/63fd9f59-e039/615722fa-18ec-427a-af70-ab78d9c9d0f1/v2/en-US/_next/static/production_20220421T083256232Z-en-US/_buildManifest.js-0351d8ac05b141ef0696a90d1af47aa07badecf0-br.js"></script><script defer="" nonce="1Oaa7QHNXHckLVa1" src="https://i5.wal.co/dfw/63fd9f59-e039/615722fa-18ec-427a-af70-ab78d9c9d0f1/v2/en-US/_next/static/production_20220421T083256232Z-en-US/_ssgManifest.js-6a409e8865ca7bdebf4a3b74348d911f01b95d84-gzip.js"></script><script nonce="1Oaa7QHNXHckLVa1">var TBRewriteHostAltWeight = 10.000000;</script><script async="async" defer="defer" nonce="1Oaa7QHNXHckLVa1" src="https://i5.wal.co/a14/capabilities.min.js-2dcc7ebc7e7196f449647a3f03c4cec76f3aae99-br.js"></script></head><body><div id="__next"><div class=""><div class="flex flex-column min-vh-100 shadow-2" data-testid="layout-container" style="transform:none;transition:transform .2s"><section><div class="b bg-dark-blue white f5 alert-bar" style="padding:12px 0;background-color:#e3e4e5"><div class="pr3 ph4-m lh-copy flex items-start justify-center"><div class="flex flex-auto justify-center flex-none-m ph4 w-100 ml-auto tc"><p class="ma0" style="color:#2e2f32">New pickup &amp; delivery customers: get $10 off your first three orders. Restrictions apply.<!-- --> <a aria-label="Use code TRIPLE10" class="underline normal dark-gray ml2-m f6-m nowrap" href="https://www.walmart.com/cp/1735450?povid=globalalert_couponcode_TRIPLE10" link-identifier="Use code TRIPLE10">Use code TRIPLE10</a></p></div><button aria-label="Close" class="w_u w_y w_0 bg-transparent pointer bn ml-auto h2 no-underline ph0" type="button"><i class="ld ld-Close" style="font-size:1rem;vertical-align:-0.175em"></i></button></div></div></section><span class="bg-blue sticky w-100 top-0 z-1" data-testid="global-header"><a class="slider skip-main bg-white-90" href="#maincontent" link-identifier="Generic Name">Skip to Main Content</a><header><div class="center flex items-center justify-center pa4"><a aria-label="Walmart Homepage" class="flex-none mr3" href="/" link-identifier="walmartLogo"><img alt="Walmart" class="db" height="32" loading="lazy" src="//i5.walmartimages.com/dfw/63fd9f59-b3e1/7a569e53-f29a-4c3d-bfaf-6f7a158bfadd/v1/walmartLogo.svg" width="130"/></a><section><div class="relative"><button aria-expanded="false" aria-haspopup="true" class="flex items-center no-underline ph3 white desktop-header-trigger lh-title b pointer ba b--transparent bg-transparent sans-serif" style="border-radius:100px;height:40px;transition:all 100ms cubic-bezier(0.77, 0, 0.175, 1)" type="button"><i aria-hidden="true" class="ld ld-Grid mr2" style="font-size:1rem;vertical-align:-0.175em"></i>Departments</button><div class="absolute bg-white br3 br--bottom left-0 lh-copy mt4 overflow-hidden shadow-1 dn" data-testid="departments-flyout" style="left:50%;transform:none;margin-left:-135px;max-height:0"><div><div class="flex"><div class="f6 overflow-auto" style="width:246px;max-height:0;height:100%"><ul class="list ma0 pa0 pb3 pt4"></ul></div></div></div></div></div></section><section><div class="relative"><button aria-expanded="false" aria-haspopup="true" class="flex items-center no-underline ph3 white desktop-header-trigger lh-title b pointer ba b--transparent bg-transparent sans-serif" style="border-radius:100px;height:40px;transition:all 100ms cubic-bezier(0.77, 0, 0.175, 1)" type="button"><i aria-hidden="true" class="ld ld-Services mr2" style="font-size:1rem;vertical-align:-0.175em"></i>Services</button><div class="absolute bg-white br3 br--bottom left-0 lh-copy mt4 overflow-hidden shadow-1 dn" data-testid="services-flyout" style="left:50%;transform:none;margin-left:-135px;max-height:0"><div><div class="flex"><div class="f6 overflow-auto" style="width:246px;max-height:0;height:100%"><ul class="list ma0 pa0 pb3 pt4"></ul></div></div></div></div></div></section><form action="/search" autocomplete="off" class="flex-auto ml3" role="search"><div class="flex flex-auto items-center relative"><input aria-activedescendant="" aria-label="Search" class="b--none f5 flex-auto lh-solid sans-serif br-pill" name="q" placeholder="Search everything at Walmart online and in store" style="height:40px;padding-left:1rem;padding-right:2.5rem" type="search" value=""/><button aria-label="Search icon" class="absolute bn br-100 bg-gold h3 w3" style="right:0.25rem;cursor:pointer"><i aria-hidden="true" class="ld ld-Search absolute" style="font-size:1rem;vertical-align:-0.175em;top:50%;left:50%;transform:translate(-50%, -50%)"></i></button></div></form><div class="ml3 relative"><a aria-expanded="false" aria-haspopup="true" class="flex items-center no-underline ph3 white desktop-header-trigger lh-title lh-solid" href="/my-items" link-identifier="Reorder my items" role="button" style="border-radius:100px;height:40px;transition:all 100ms cubic-bezier(0.77, 0, 0.175, 1)"><i aria-hidden="true" class="ld ld-Reorder" style="font-size:1rem;vertical-align:-0.175em"></i><div class="ml2 nowrap"><div class="f7 lh-title">Reorder</div><div class="b">My Items</div></div></a><div class="absolute bg-white br3 br--bottom left-0 lh-copy mt4 overflow-hidden shadow-1 dn" data-testid="my-items-flyout" style="left:50%;transform:translateX(-50%)"><div class="ph4 pt4 pb2"><a class="dark-gray db f6 no-underline nowrap desktop-header-flyout-link mb3" href="/my-items" link-identifier="Reorder"><i class="ld ld-Reorder mr2" style="font-size:1rem;vertical-align:-0.175em"></i>Reorder</a><a class="dark-gray db f6 no-underline nowrap desktop-header-flyout-link mb3" href="/lists" link-identifier="Lists"><i class="ld ld-Heart mr2" style="font-size:1rem;vertical-align:-0.175em"></i>Lists</a><a class="dark-gray db f6 no-underline nowrap desktop-header-flyout-link mb3" href="/my-registries" link-identifier="Registries"><i class="ld ld-Gift mr2" style="font-size:1rem;vertical-align:-0.175em"></i>Registries</a></div></div></div><div class="relative"><a aria-expanded="false" aria-haspopup="true" class="flex items-center no-underline ph3 white desktop-header-trigger lh-title lh-solid" href="/account/login?vid=oaoh" link-identifier="Account" role="button" style="border-radius:100px;height:40px;transition:all 100ms cubic-bezier(0.77, 0, 0.175, 1)"><i aria-hidden="true" class="ld ld-User" style="font-size:1rem;vertical-align:-0.175em"></i><div class="ml2 nowrap"><div class="f7 mw3 mw4-xl lh-title truncate">Sign In</div><div class="b">Account</div></div></a><div class="absolute bg-white br3 br--bottom left-0 lh-copy mt4 overflow-hidden shadow-1 dn" data-testid="account-flyout" style="left:50%;transform:translateX(-50%)"><div class="pa4"><button class="w_u w_w w_0 db mb3 w-100" type="button">Sign In</button><a class="no-underline" href="/account/signup?vid=oaoh" link-identifier="Create an account"><button class="w_u w_x w_0 db mb3 w-100" tabindex="-1" type="button">Create an account</button></a><hr aria-hidden="true" class="w_AL mb3"/><a class="dark-gray db f6 no-underline nowrap desktop-header-flyout-link" href="/orders" link-identifier="Purchase History"><i class="ld ld-Receipt mr2" style="font-size:1rem;vertical-align:-0.175em"></i>Purchase History</a></div></div></div><div class="ml3" style="width:40px"><button aria-label="Cart contains 0 items" class="bn bg-transparent br2 db flex flex-column items-center pa0 pointer relative sans-serif white" id="cart-button-header" type="button"><i class="ld ld-Cart white" style="font-size:1.5rem;vertical-align:-0.25em"></i><span class="db" style="font-size:.625rem;visibility:hidden;height:10px;vertical-align:-0.25em;width:30px">$0.00</span></button></div></div></header></span><div aria-hidden="false" class="flex flex-column flex-auto relative z-0"><section class="bg-dark-blue white pv1" data-testid="location-banner"><div class="center items-center flex flex-auto ph3 ph4-m" style="line-height:2"><button class="w_u w_y w_0 white hover-white pa0 no-underline outline-onfocus" name="select-store-button" tabindex="0" type="button"><i class="ld ld-Store mr2" style="font-size:1rem;vertical-align:-0.175em"></i><span class="f7 f6-m underline pointer">Sacramento Supercenter</span></button><span class="mh2">|</span><button class="w_u w_y w_0 white hover-white pa0 no-underline truncate outline-onfocus" name="select-location-button" tabindex="0" type="button"><i class="ld ld-Location mr2" style="font-size:1rem;vertical-align:-0.175em"></i><span class="f7 f6-m underline pointer truncate">Sacramento, 95829</span></button><div class="sub-nav-link-container h3 flex-wrap justify-end cg-2 overflow-hidden flex-auto f6-m b"><a class="white no-underline highlight-focus-hover ph2" href="https://www.walmart.com/cp/1735450" link-identifier="Generic Name">Grocery</a><a class="white no-underline highlight-focus-hover ph2" href="https://www.walmart.com/cp/clothing/5438" link-identifier="Generic Name">Fashion</a><a class="white no-underline highlight-focus-hover ph2" href="https://www.walmart.com/cp/home/4044" link-identifier="Generic Name">Home</a><a class="white no-underline highlight-focus-hover ph2" href="https://www.walmart.com/cp/toys/4171" link-identifier="Generic Name">Toys</a><a class="white no-underline highlight-focus-hover ph2" href="https://www.walmart.com/plus" link-identifier="Generic Name">Walmart+</a><a class="white no-underline highlight-focus-hover ph2" href="https://www.walmart.com/shop/deals" link-identifier="Generic Name">Savings hub</a><a class="white no-underline highlight-focus-hover ph2" href="https://www.walmart.com/ip/KidKraft-Forestview-II-Wooden-Outdoor-Playhouse-with-Ringing-Doorbell-Bench-and-Kitchen/928534389?athbdg=L1300" link-identifier="Generic Name">Deal of the Day</a></div></div></section><div class="flex-auto relative z-1"><div class="center mw1280 main-content"><main class="overflow-hidden" data-ads-url="http://swag-wmt.prod.walmart.com/fs?prg=desktop&amp;query=&amp;cat_id=1115193_1025739&amp;_be_shelf_id=&amp;facet=&amp;page=1&amp;ps=8&amp;min_price=&amp;max_price=&amp;sort=best_match&amp;ptss=&amp;module_search=&amp;trsp=&amp;zipcode=95829&amp;stores=3081&amp;stateOrProvinceCode=CA&amp;latitude=38.4744&amp;longitude=-121.3437&amp;extended_zipcode=95829&amp;addressId=&amp;inCatchment=true&amp;pickupStore=3081&amp;deliveryStore=3081" data-sis-url="http://preso-usgm-wcnp.prod.walmart.com/v1/search?query=&amp;facet=&amp;stores=3081&amp;cat_id=1115193_1025739&amp;sort=best_match&amp;page=1&amp;min_price=&amp;max_price=&amp;_be_shelf_id=&amp;ptss=&amp;trsp=&amp;prg=desktop&amp;stateOrProvinceCode=CA&amp;ps=40&amp;zipcode=95829&amp;module_search=&amp;inCatchment=true&amp;latitude=38.4744&amp;longitude=-121.3437&amp;extended_zipcode=95829&amp;addressId=&amp;hidden_facet=&amp;pickupStore=3081&amp;deliveryStore=3081&amp;translation="><div class="flex flex-column h-100" data-testid="flex-container"><div class="h-100 relative"><div class="flex flex-column h-100" data-testid="flex-container"><div class="h-100 relative"><div class="overflow-x-auto nowrap hidesb hidesb-wk mr3"><nav aria-label="breadcrumb" class="pv3 pl3 ph4-xl"><ol class="w_g"><li class="w_h"><a class="w_j" href="/cp/household-essentials/1115193" itemprop="item"><span itemprop="name">Household Essentials</span></a><span aria-hidden="true" class="w_i">/</span></li><li class="w_h"><a aria-current="location" class="w_j w_k" href="/cp/air-fresheners/1025739" itemprop="item"><span itemprop="name">Air Fresheners</span></a></li></ol></nav></div><hr aria-hidden="true" class="w_AL"/></div></div></div><div class="h-100 relative"><div class="flex flex-column h-100" data-testid="flex-container"><div class="h-100 relative"><div class="w_B9 pa0" id="BROWSE-SkylineDisplayAd-top"></div> <section><section aria-label="Sort and Filter section" class="w-100 flex flex-shrink-0 hidesb hidesb-wk pl3 ph4-xl pv3 relative z-max overflow-x-auto"><div class="flex flex-row flex-shrink-0 items-center br-pill bn bg-near-white mr2"><button aria-label="All filters" class="f6 pv2 br-pill bn sans-serif flex bg-near-white pointer" type="button"><i aria-hidden="true" class="ld ld-Filter ph2" data-testid="Filter-icon" style="font-size:1rem;vertical-align:-0.175em"></i><span aria-hidden="true" class="flex pointer pr3">All filters</span></button></div><div aria-hidden="true" class="br b--near-white h-inherit mr2"></div><div class="flex flex-row flex-shrink-0 items-center br-pill bn bg-near-white mr2"><button aria-label="In-store" class="f6 pv2 br-pill bn sans-serif flex bg-near-white pointer" type="button"><i aria-hidden="true" class="ld ld-Store ph2" data-testid="Store-icon" style="font-size:1rem;vertical-align:-0.175em"></i><span aria-hidden="true" class="flex pointer pr3">In-store</span></button></div><div class="flex flex-row flex-shrink-0 items-center br-pill bn bg-near-white mr2"><span class="w_5 w_9" style="display:inline"><button aria-label="Pickup &amp; shipping" class="f6 pv2 br-pill bn sans-serif flex bg-near-white pointer" type="button"><span aria-hidden="true" class="flex pointer pl3">Pickup &amp; shipping</span><i class="ld ld-ChevronDown mh2" style="font-size:1rem;vertical-align:-0.175em"></i></button></span></div><div class="flex flex-row flex-shrink-0 items-center br-pill bn bg-near-white mr2"><button aria-label="Price" class="f6 pv2 br-pill bn sans-serif flex bg-near-white pointer" type="button"><i aria-hidden="true" class="ld ld-MoneyCircle ph2" data-testid="MoneyCircle-icon" style="font-size:1rem;vertical-align:-0.175em"></i><span aria-hidden="true" class="flex pointer">Price</span><i class="ld ld-ChevronDown mh2" style="font-size:1rem;vertical-align:-0.175em"></i></button></div><div class="flex flex-row flex-shrink-0 items-center br-pill bn bg-near-white mr2"><button aria-label="Brand" class="f6 pv2 br-pill bn sans-serif flex bg-near-white pointer" type="button"><span aria-hidden="true" class="flex pointer pl3">Brand</span><i class="ld ld-ChevronDown mh2" style="font-size:1rem;vertical-align:-0.175em"></i></button></div><div class="flex flex-row flex-shrink-0 items-center br-pill bn bg-near-white"><button aria-label="Speed" class="f6 pv2 br-pill bn sans-serif flex bg-near-white pointer" type="button"><i aria-hidden="true" class="ld ld-Clock ph2" data-testid="Clock-icon" style="font-size:1rem;vertical-align:-0.175em"></i><span aria-hidden="true" class="flex pointer">Speed</span><i class="ld ld-ChevronDown mh2" style="font-size:1rem;vertical-align:-0.175em"></i></button></div><div class="dark-gray flex flex-row items-center ml-auto flex-shrink-0"><span class="b mh2">Sort by</span>|<button aria-expanded="false" aria-haspopup="true" aria-label="Sort by Best Match" class="bw0 bg-white sans-serif pointer pa1" type="button">Best Match<i arial-hiden="true" class="ld ld-ChevronDown pa0 ml6" role="img" style="font-size:1rem;vertical-align:-0.175em"></i></button></div></section></section><hr aria-hidden="true" class="w_AL"/> <section aria-label="Quick refinements" class="pv3"><div class="flex flex-column justify-center relative"><button aria-label="Previous slide for chipModuleWithImages list" class="absolute dn z-999 bg-white br-100 pa0 pointer ba br-100 ba b--black nav-control left-1"><i class="ld ld-ChevronLeft" style="font-size:1.5rem;vertical-align:-0.25em;padding:12px"></i></button><ul class="list ma0 pl0 overflow-x-scroll hidesb hidesb-wk relative overflow-y-hidden pl3 spl3 pl4-xl" data-testid="carousel-container" style="display:flex;grid-auto-flow:column;scroll-snap-type:x mandatory;max-height:fit-content"><li aria-hidden="true" class="flex flex-column items-center" data-slide="0"><a class="link w5 pointer tc mr3" href="#" link-identifier="Generic Name" style="width:104px"><div class="overflow-hidden relative tc mh3" style="height:72px"><img alt="Plug In Air Fresheners " class="mw-100 absolute left-0 bottom-0" height="initial" loading="lazy" src="https://i5.walmartimages.com/dfw/4ff9c6c9-1618/k2-_f38431c6-7240-4b14-bfd5-e6f803a7e1f0.v1.jpg" width="72px"/></div><div class="black mt2 mb1 lh-solid ph1 f6">Plug In Air Fresheners</div></a></li><li aria-hidden="true" class="flex flex-column items-center" data-slide="1"><a class="link w5 pointer tc mr3" href="#" link-identifier="Generic Name" style="width:104px"><div class="overflow-hidden relative tc mh3" style="height:72px"><img alt="Spray Air Fresheners" class="mw-100 absolute left-0 bottom-0" height="initial" loading="lazy" src="https://i5.walmartimages.com/dfw/4ff9c6c9-f83e/k2-_707d643d-0245-434d-852f-456888123f87.v1.jpg" width="72px"/></div><div class="black mt2 mb1 lh-solid ph1 f6">Spray Air Fresheners</div></a></li><li aria-hidden="true" class="flex flex-column items-center" data-slide="2"><a class="link w5 pointer tc mr3" href="#" link-identifier="Generic Name" style="width:104px"><div class="overflow-hidden relative tc mh3" style="height:72px"><img alt="Automatic Air Fresheners" class="mw-100 absolute left-0 bottom-0" height="initial" loading="lazy" src="https://i5.walmartimages.com/dfw/4ff9c6c9-8f59/k2-_e0da9e56-54c7-490a-9fe7-8113b1ab08d0.v1.jpg" width="72px"/></div><div class="black mt2 mb1 lh-solid ph1 f6">Automatic Air Fresheners</div></a></li><li aria-hidden="true" class="flex flex-column items-center" data-slide="3"><a class="link w5 pointer tc mr3" href="#" link-identifier="Generic Name" style="width:104px"><div class="overflow-hidden relative tc mh3" style="height:72px"><img alt="Moisture Absorbers" class="mw-100 absolute left-0 bottom-0" height="initial" loading="lazy" src="https://i5.walmartimages.com/dfw/4ff9c6c9-6d50/k2-_c953369d-f2af-4c0a-9532-66cd9e844da4.v1.jpg" width="72px"/></div><div class="black mt2 mb1 lh-solid ph1 f6">Moisture Absorbers</div></a></li><li aria-hidden="true" class="flex flex-column items-center" data-slide="4"><a class="link w5 pointer tc mr3" href="#" link-identifier="Generic Name" style="width:104px"><div class="overflow-hidden relative tc mh3" style="height:72px"><img alt="Candle Air Fresheners" class="mw-100 absolute left-0 bottom-0" height="initial" loading="lazy" src="https://i5.walmartimages.com/dfw/4ff9c6c9-f5d2/k2-_bab0119c-c1f8-4fcc-9830-2fa5b2d5f563.v1.jpg" width="72px"/></div><div class="black mt2 mb1 lh-solid ph1 f6">Candle Air Fresheners</div></a></li><li aria-hidden="true" class="flex flex-column items-center" data-slide="5"><a class="link w5 pointer tc mr3" href="#" link-identifier="Generic Name" style="width:104px"><div class="overflow-hidden relative tc mh3" style="height:72px"><img alt="Bathroom Air Fresheners" class="mw-100 absolute left-0 bottom-0" height="initial" loading="lazy" src="https://i5.walmartimages.com/dfw/4ff9c6c9-abed/k2-_523f019e-a794-43fd-9f1e-b9de5b3830fd.v1.jpg" width="72px"/></div><div class="black mt2 mb1 lh-solid ph1 f6">Bathroom Air Fresheners</div></a></li><li aria-hidden="true" class="flex flex-column items-center" data-slide="6"><a class="link w5 pointer tc mr3" href="#" link-identifier="Generic Name" style="width:104px"><div class="overflow-hidden relative tc mh3" style="height:72px"><img alt="Clean Living Air Fresheners" class="mw-100 absolute left-0 bottom-0" height="initial" loading="lazy" src="https://i5.walmartimages.com/dfw/4ff9c6c9-940c/k2-_7c44292e-a66f-4fef-a6f6-71f7aaf10adb.v1.jpg" width="72px"/></div><div class="black mt2 mb1 lh-solid ph1 f6">Clean Air Fresheners</div></a></li><li aria-hidden="true" class="flex flex-column items-center" data-slide="7"><a class="link w5 pointer tc mr3" href="#" link-identifier="Generic Name" style="width:104px"><div class="overflow-hidden relative tc mh3" style="height:72px"><img alt="Auto Air Fresheners" class="mw-100 absolute left-0 bottom-0" height="initial" loading="lazy" src="https://i5.walmartimages.com/dfw/4ff9c6c9-c3c0/k2-_7f259c39-2353-4c53-b8e2-1dac9639b17d.v1.png" width="72px"/></div><div class="black mt2 mb1 lh-solid ph1 f6">Auto Air Fresheners</div></a></li></ul><button aria-label="Next slide for chipModuleWithImages list" class="absolute dn z-999 bg-white br-100 pa0 pointer ba db-l br-100 ba b--black nav-control right-1 db"><i class="ld ld-ChevronRight" style="font-size:1.5rem;vertical-align:-0.25em;padding:12px"></i></button></div><div class="dn"><a href="https://www.walmart.com/browse/household-essentials/plug-in-air-fresheners/1115193_1025739_8403021" link-identifier="Generic Name">Plug In Air Fresheners</a><a href="https://www.walmart.com/browse/household-essentials/spray-air-fresheners/1115193_1025739_3653204" link-identifier="Generic Name">Spray Air Fresheners</a><a href="https://www.walmart.com/browse/household-essentials/automatic-air-fresheners/1115193_1025739_7085880" link-identifier="Generic Name">Automatic Air Fresheners</a><a href="https://www.walmart.com/browse/household-essentials/moisture-absorbers/1115193_1025739_6453453" link-identifier="Generic Name">Moisture Absorbers</a><a href="https://www.walmart.com/browse/household-essentials/odor-eliminating-candles/1115193_1025739_9198928" link-identifier="Generic Name">Candle Air Fresheners</a><a href="https://www.walmart.com/browse/household-essentials/bathroom-air-fresheners/1115193_1025739_5929933" link-identifier="Generic Name">Bathroom Air Fresheners</a><a href="https://www.walmart.com/browse/household-essentials/clean-living-air-fresheners/1115193_2606160_9816597" link-identifier="Generic Name">Clean Air Fresheners</a><a href="https://www.walmart.com/browse/auto-tires/auto-air-fresheners/91083_1212910_1212922" link-identifier="Generic Name">Auto Air Fresheners</a></div></section><hr aria-hidden="true" class="w_AL"/> <h3 class="ma3 clip o-0">Services related to your search</h3><section><a class="flex items-center no-underline mh4 mt4" href="https://www.walmart.com/browse/household-essentials/1115193?facet=fulfillment_method%3APickup&amp;povid=householdessentials_browsebanner_opdspringcleaning" link-identifier="Pickup &amp; Delivery" target="_blank"><div class="w_AO w_AR flex flex-auto items-center pa4 bg-washed-blue"><img alt="Pickup and delivery. Shop for spring spruce up essentials at everyday low prices." aria-hidden="true" class="" height="56" loading="lazy" src="https://i5.walmartimages.com/dfw/4ff9c6c9-ed0a/k2-_77ba42c6-dc18-45ce-a9a9-7d04bfd1e707.v1.png" width="56"/><div class="flex-auto mh4"><h4 class="b dark-gray mt0 f3 mb2 lh-solid">Pickup &amp; Delivery</h4><div class="dark-gray f6">Shop for spring spruce-up essentials at everyday low prices.</div></div><span class="w_Af">Shop now Pickup &amp; Delivery</span><span aria-hidden="true" class="b black ba br4 b--black bg-white ph3 pv1">Shop now</span></div></a></section> </div></div></div><div class="h-100 relative"><div class="flex flex-column h-100" data-testid="flex-container"><div class="h-100 relative"><div class="w-100 relative-m"><div><div class="flex flex-column justify-center" data-stack-index="0"><div class="flex flex-row items-center flex-shrink-0"><section><div><div><div class="inline-flex mv3 ml3 ml4-xl mr1 db"><h1 class="f2 lh-title ma0 di f3">Air Fresheners</h1><span class="f6 f5-m fw3 ml1 mt1-xl gray normal self-center">(1000+)</span></div></div></div></section></div><section><div class="flex flex-wrap w-100 flex-grow-0 flex-shrink-0 ph2 pr0-xl pl4-xl mt0-xl mt3"><div class="mb1 ph1 pa0-xl bb b--near-white w-25"><div class="h-100 pb1-xl pr4-xl pv1 ph1" style="content-visibility:auto;contain-intrinsic-size:198px 340px"><div class="sans-serif mid-gray relative flex flex-column w-100" data-ad-component-type="wpa-tile" data-item-id="3PRIHWVO9YQX"><a class="absolute w-100 h-100 z-1" href="https://wrd.walmart.com/track?rdf=1&amp;adUid=3b26ad13-e630-4271-9f36-914193d9198f&amp;plmt=sp-browse-middle~desktop~&amp;tax=1115193_1025739&amp;pltfm=desktop&amp;eventST=click&amp;pgId=1115193_1025739&amp;spQs=JNjzEJ6AZMEXc9XYMEoEUEpLC6HIT2rpiKow7nXUmg6xY3bLaoQ78jtLKnzK-cd70THVElMtsx1oqA5yz86lbbs-ZXfI1HF95l5rjA5ZJ0I5jaf9fpwF5_LYp6NQacdj0ePXJ6IAv6i-YA-HFG-oXrk_N_lsDq5or4wZD_BIHvc&amp;storeId=3081&amp;pt=browse&amp;pos=1&amp;bt=1&amp;mloc=sp-browse-middle&amp;bkt=2478&amp;rd=https%3A%2F%2Fwww.walmart.com%2Fip%2FGlade-PlugIns-Scented-Oil-5-Refills-Air-Freshener-Clean-Linen-5-x-1-34-oz%2F898307933%3Fathbdg%3DL1600&amp;athbdg=L1600" link-identifier="898307933"><span class="w_Af">Glade PlugIns Scented Oil 5 Refills, Air Freshener, Clean Linen™, 5 x 1.34 oz<!-- --> </span></a><div class="" data-testid="list-view"><div class=""><div class="h2 relative mb2"><span class="w_EH w_EN w_EQ absolute">Best seller</span></div><div class="relative"><div class="relative overflow-hidden" style="max-width:290px;height:0;padding-bottom:min(290px, 100%);align-self:center;width:min(290px, 100%)"><img alt="" class="absolute top-0 left-0" data-testid="productTileImage" height="" loading="eager" src="https://i5.walmartimages.com/asr/7cc17cd7-6f44-452d-bfd7-1b0795941420.c8323aa8731ce3eda8afa8b2f71cb639.jpeg?odnHeight=580&amp;odnWidth=580&amp;odnBg=FFFFFF" srcset="https://i5.walmartimages.com/asr/7cc17cd7-6f44-452d-bfd7-1b0795941420.c8323aa8731ce3eda8afa8b2f71cb639.jpeg?odnHeight=290&amp;odnWidth=290&amp;odnBg=FFFFFF 1x, https://i5.walmartimages.com/asr/7cc17cd7-6f44-452d-bfd7-1b0795941420.c8323aa8731ce3eda8afa8b2f71cb639.jpeg?odnHeight=580&amp;odnWidth=580&amp;odnBg=FFFFFF 2x" width=""/></div><div class="z-2 absolute bottom--1"><div class="dib relative"><button aria-label="Add to cart - Glade PlugIns Scented Oil 5 Refills, Air Freshener, Clean Linen™, 5 x 1.34 oz" class="w_u w_w w_1 pointer bn bg-blue hover-bg-dark-blue white sans-serif b w-auto ph2 flex items-center justify-center shadow-1" type="button"><i class="ld ld-Plus" style="font-size:1.5rem;vertical-align:-0.25em" title="add to cart"></i><span class="mr2">Add</span></button></div></div></div><div class="mt5 mb1" data-testid="variant-3PRIHWVO9YQX" style="height:24px"><div class="flex items-center lh-title h2-l normal"><span class="gray f7">Sponsored</span></div></div></div><div class=""><div class="flex flex-wrap justify-start items-center lh-title mb2 mb1-m"><div aria-hidden="true" class="b black f5 mr1 mr2-xl lh-copy f4-l">$10.97</div><span class="w_Af">current price $10.97</span><div class="f7 f6-l gray mr1">$2.19/ea</div></div><span class="w_c" style="-webkit-line-clamp:3;padding-bottom:0em;margin-bottom:-0em"><span class="f6 f5-l normal dark-gray mb0 mt1 lh-title">Glade PlugIns Scented Oil 5 Refills, Air Freshener, Clean Linen™, 5 x 1.34 oz</span></span><div class="mt2 flex items-center"><span class="black inline-flex mr1"><i aria-hidden="true" class="ld ld-StarFill" style="font-size:12px;vertical-align:-0.175em"></i><i aria-hidden="true" class="ld ld-StarFill" style="font-size:12px;vertical-align:-0.175em"></i><i aria-hidden="true" class="ld ld-StarFill" style="font-size:12px;vertical-align:-0.175em"></i><i aria-hidden="true" class="ld ld-StarFill" style="font-size:12px;vertical-align:-0.175em"></i><i aria-hidden="true" class="ld ld-StarHalf" style="font-size:12px;vertical-align:-0.175em"></i></span><span aria-hidden="true" class="sans-serif gray f7">628</span><span class="w_Af">4.5 out of 5 Stars. 628 reviews</span></div><div class="mv2 flex items-center"><div class="f7 mr1 blue b lh-copy">Save with</div><img alt="Walmart Plus" class="pr2 flex" height="20" loading="lazy" src="//i5.walmartimages.com/dfw/63fd9f59-ac39/29c6759d-7f14-49fa-bd3a-b870eb4fb8fb/v1/wplus-icon-blue.svg" width="20"/></div><div class="mt2 mb2"><span class="w_EH w_EN w_ER mr1 mt1 ph1">Pickup</span><span class="w_EH w_EN w_ER mr1 mt1 ph1">Delivery</span><span class="w_EH w_EN w_ER mr1 mt1 ph1">2-day shipping</span></div></div></div></div></div></div><div class="mb1 ph1 pa0-xl bb b--near-white w-25"><div class="h-100 pb1-xl pr4-xl pv1 ph1" style="content-visibility:auto;contain-intrinsic-size:198px 340px"><div class="sans-serif mid-gray relative flex flex-column w-100" data-ad-component-type="wpa-tile" data-item-id="0TIYPJGRPX8N"><a class="absolute w-100 h-100 z-1" href="https://wrd.walmart.com/track?rdf=1&amp;adUid=3b26ad13-e630-4271-9f36-914193d9198f&amp;plmt=sp-browse-middle~desktop~&amp;tax=1115193_1025739&amp;pltfm=desktop&amp;eventST=click&amp;pgId=1115193_1025739&amp;spQs=lqPD4Oa8ipeZyMDQTCmx6_4APxMQL10eAYeZ4LpPSM0tm9LbcEluZTV9MSF0122T0R0QLBwVYUcrbgcPCfVXwaeE2ABTZwBFdkDSVY3Pk_QtomFMtkFKbD_1slLc4U2gZigAH_cxpxADBXBUCTCevgBaQdxlsOTgPNb1fWcGrF8&amp;storeId=3081&amp;pt=browse&amp;pos=2&amp;bt=1&amp;mloc=sp-browse-middle&amp;bkt=2478&amp;rd=https%3A%2F%2Fwww.walmart.com%2Fip%2FArm-Hammer-Disposable-Moisture-Absorber-14-oz-Tub-Fragrance-Free%2F55073242%3Fathbdg%3DL1600&amp;athbdg=L1600" link-identifier="55073242"><span class="w_Af">Arm &amp; Hammer Disposable Moisture Absorber, 14 oz. Tub, Fragrance Free<!-- --> </span></a><div class="" data-testid="list-view"><div class=""><div class="h2 relative mb2"><span class="w_EH w_EN w_EQ absolute">Best seller</span></div><div class="relative"><div class="relative overflow-hidden" style="max-width:290px;height:0;padding-bottom:min(290px, 100%);align-self:center;width:min(290px, 100%)"><img alt="" class="absolute top-0 left-0" data-testid="productTileImage" height="" loading="eager" src="https://i5.walmartimages.com/asr/8adc5b2e-81f2-40fb-9b57-613e2f4119f3_1.8d184ab4123198a1692e7fa7a710dae4.jpeg?odnHeight=580&amp;odnWidth=580&amp;odnBg=FFFFFF" srcset="https://i5.walmartimages.com/asr/8adc5b2e-81f2-40fb-9b57-613e2f4119f3_1.8d184ab4123198a1692e7fa7a710dae4.jpeg?odnHeight=290&amp;odnWidth=290&amp;odnBg=FFFFFF 1x, https://i5.walmartimages.com/asr/8adc5b2e-81f2-40fb-9b57-613e2f4119f3_1.8d184ab4123198a1692e7fa7a710dae4.jpeg?odnHeight=580&amp;odnWidth=580&amp;odnBg=FFFFFF 2x" width=""/></div><div class="z-2 absolute bottom--1"><div class="dib relative"><button aria-label="Add to cart - Arm &amp; Hammer Disposable Moisture Absorber, 14 oz. Tub, Fragrance Free" class="w_u w_w w_1 pointer bn bg-blue hover-bg-dark-blue white sans-serif b w-auto ph2 flex items-center justify-center shadow-1" type="button"><i class="ld ld-Plus" style="font-size:1.5rem;vertical-align:-0.25em" title="add to cart"></i><span class="mr2">Add</span></button></div></div></div><div class="mt5 mb1" data-testid="variant-0TIYPJGRPX8N" style="height:24px"><div class="flex items-center lh-title h2-l normal"><span class="gray f7">Sponsored</span></div></div></div><div class=""><div class="flex flex-wrap justify-start items-center lh-title mb2 mb1-m"><div aria-hidden="true" class="b black f5 mr1 mr2-xl lh-copy f4-l">$5.84</div><span class="w_Af">current price $5.84</span></div><span class="w_c" style="-webkit-line-clamp:3;padding-bottom:0em;margin-bottom:-0em"><span class="f6 f5-l normal dark-gray mb0 mt1 lh-title">Arm &amp; Hammer Disposable Moisture Absorber, 14 oz. Tub, Fragrance Free</span></span><div class="mt2 flex items-center"><span class="black inline-flex mr1"><i aria-hidden="true" class="ld ld-StarFill" style="font-size:12px;vertical-align:-0.175em"></i><i aria-hidden="true" class="ld ld-StarFill" style="font-size:12px;vertical-align:-0.175em"></i><i aria-hidden="true" class="ld ld-StarFill" style="font-size:12px;vertical-align:-0.175em"></i><i aria-hidden="true" class="ld ld-StarFill" style="font-size:12px;vertical-align:-0.175em"></i><i aria-hidden="true" class="ld ld-StarHalf" style="font-size:12px;vertical-align:-0.175em"></i></span><span aria-hidden="true" class="sans-serif gray f7">239</span><span class="w_Af">4.3 out of 5 Stars. 239 reviews</span></div><div class="mv2 flex items-center"><div class="f7 mr1 blue b lh-copy">Save with</div><img alt="Walmart Plus" class="pr2 flex" height="20" loading="lazy" src="//i5.walmartimages.com/dfw/63fd9f59-ac39/29c6759d-7f14-49fa-bd3a-b870eb4fb8fb/v1/wplus-icon-blue.svg" width="20"/></div><div class="mt2 mb2"><span class="w_EH w_EN w_ER mr1 mt1 ph1">2-day shipping</span></div></div></div></div></div></div><div class="mb1 ph1 pa0-xl bb b--near-white w-25"><div class="h-100 pb1-xl pr4-xl pv1 ph1" style="content-visibility:auto;contain-intrinsic-size:198px 340px"><div class="sans-serif mid-gray relative flex flex-column w-100" data-item-id="4XEWYLA0QTIR"><a class="absolute w-100 h-100 z-1" href="/ip/Febreze-Odor-Eliminating-Air-Freshener-with-Downy-Scent-April-Fresh-8-8-fl-oz-2-Pack/136490245?athbdg=L1600" link-identifier="136490245"><span class="w_Af">Febreze Odor-Eliminating Air Freshener with Downy Scent, April Fresh, 8.8 fl oz, 2 Pack<!-- --> </span></a><div class="" data-testid="list-view"><div class=""><div class="h2 relative mb2"><span class="w_EH w_EN w_EQ absolute">Best seller</span></div><div class="relative"><div class="relative overflow-hidden" style="max-width:290px;height:0;padding-bottom:min(290px, 100%);align-self:center;width:min(290px, 100%)"><img alt="" class="absolute top-0 left-0" data-testid="productTileImage" height="" loading="eager" src="https://i5.walmartimages.com/asr/4a5eaa4e-2b21-4120-9527-9642d5e36571.defcc66820dda66ada4177dadf783b13.jpeg?odnHeight=580&amp;odnWidth=580&amp;odnBg=FFFFFF" srcset="https://i5.walmartimages.com/asr/4a5eaa4e-2b21-4120-9527-9642d5e36571.defcc66820dda66ada4177dadf783b13.jpeg?odnHeight=290&amp;odnWidth=290&amp;odnBg=FFFFFF 1x, https://i5.walmartimages.com/asr/4a5eaa4e-2b21-4120-9527-9642d5e36571.defcc66820dda66ada4177dadf783b13.jpeg?odnHeight=580&amp;odnWidth=580&amp;odnBg=FFFFFF 2x" width=""/></div><div class="z-2 absolute bottom--1"><div class="dib relative"><button aria-label="Add to cart - Febreze Odor-Eliminating Air Freshener with Downy Scent, April Fresh, 8.8 fl oz, 2 Pack" class="w_u w_w w_1 pointer bn bg-blue hover-bg-dark-blue white sans-serif b w-auto ph2 flex items-center justify-center shadow-1" type="button"><i class="ld ld-Plus" style="font-size:1.5rem;vertical-align:-0.25em" title="add to cart"></i><span class="mr2">Add</span></button></div></div></div><div class="mt5 mb1" data-testid="variant-4XEWYLA0QTIR" style="height:24px"></div></div><div class=""><div class="flex flex-wrap justify-start items-center lh-title mb2 mb1-m"><div aria-hidden="true" class="b black f5 mr1 mr2-xl lh-copy f4-l">$4.94</div><span class="w_Af">current price $4.94</span><div class="f7 f6-l gray mr1">28.1 ¢/fl oz</div></div><span class="w_c" style="-webkit-line-clamp:3;padding-bottom:0em;margin-bottom:-0em"><span class="f6 f5-l normal dark-gray mb0 mt1 lh-title">Febreze Odor-Eliminating Air Freshener with Downy Scent, April Fresh, 8.8 fl oz, 2 Pack</span></span><div class="mt2 flex items-center"><span class="black inline-flex mr1"><i aria-hidden="true" class="ld ld-StarFill" style="font-size:12px;vertical-align:-0.175em"></i><i aria-hidden="true" class="ld ld-StarFill" style="font-size:12px;vertical-align:-0.175em"></i><i aria-hidden="true" class="ld ld-StarFill" style="font-size:12px;vertical-align:-0.175em"></i><i aria-hidden="true" class="ld ld-StarFill" style="font-size:12px;vertical-align:-0.175em"></i><i aria-hidden="true" class="ld ld-StarHalf" style="font-size:12px;vertical-align:-0.175em"></i></span><span aria-hidden="true" class="sans-serif gray f7">787</span><span class="w_Af">4.6 out of 5 Stars. 787 reviews</span></div><div class="mv2 flex items-center"><div class="f7 mr1 blue b lh-copy">Save with</div><img alt="Walmart Plus" class="pr2 flex" height="20" loading="lazy" src="//i5.walmartimages.com/dfw/63fd9f59-ac39/29c6759d-7f14-49fa-bd3a-b870eb4fb8fb/v1/wplus-icon-blue.svg" width="20"/></div><div class="mt2 mb2"><span class="w_EH w_EN w_ER mr1 mt1 ph1">Pickup</span><span class="w_EH w_EN w_ER mr1 mt1 ph1">Delivery</span></div></div></div></div></div></div><div class="mb1 ph1 pa0-xl bb b--near-white w-25"><div class="h-100 pb1-xl pr4-xl pv1 ph1" style="content-visibility:auto;contain-intrinsic-size:198px 340px"><div class="sans-serif mid-gray relative flex flex-column w-100" data-item-id="2H4MB3K6SA24"><a class="absolute w-100 h-100 z-1" href="/ip/Glade-Room-Spray-Air-Freshener-Clean-Linen-8-oz/29400156?athbdg=L1200" link-identifier="29400156"><span class="w_Af">Glade Room Spray Air Freshener, Clean Linen, 8 oz<!-- --> </span></a><div class="" data-testid="list-view"><div class=""><div class="h2 relative mb2"><span class="w_EH w_EN w_EQ absolute">Popular pick</span></div><div class="relative"><div class="relative overflow-hidden" style="max-width:290px;height:0;padding-bottom:min(290px, 100%);align-self:center;width:min(290px, 100%)"><img alt="" class="absolute top-0 left-0" data-testid="productTileImage" height="" loading="eager" src="https://i5.walmartimages.com/asr/346e399c-180c-45b1-977e-cb5a9fccfc83.fae3e515ec2b1048cd855270291e6f50.jpeg?odnHeight=580&amp;odnWidth=580&amp;odnBg=FFFFFF" srcset="https://i5.walmartimages.com/asr/346e399c-180c-45b1-977e-cb5a9fccfc83.fae3e515ec2b1048cd855270291e6f50.jpeg?odnHeight=290&amp;odnWidth=290&amp;odnBg=FFFFFF 1x, https://i5.walmartimages.com/asr/346e399c-180c-45b1-977e-cb5a9fccfc83.fae3e515ec2b1048cd855270291e6f50.jpeg?odnHeight=580&amp;odnWidth=580&amp;odnBg=FFFFFF 2x" width=""/></div><div class="z-2 absolute bottom--1"><div class="dib relative"><button aria-label="Add to cart - Glade Room Spray Air Freshener, Clean Linen, 8 oz" class="w_u w_w w_1 pointer bn bg-blue hover-bg-dark-blue white sans-serif b w-auto ph2 flex items-center justify-center shadow-1" type="button"><i class="ld ld-Plus" style="font-size:1.5rem;vertical-align:-0.25em" title="add to cart"></i><span class="mr2">Add</span></button></div></div></div><div class="mt5 mb1" data-testid="variant-2H4MB3K6SA24" style="height:24px"></div></div><div class=""><div class="flex flex-wrap justify-start items-center lh-title mb2 mb1-m"><div aria-hidden="true" class="b black f5 mr1 mr2-xl lh-copy f4-l">$0.97</div><span class="w_Af">current price $0.97</span><div class="f7 f6-l gray mr1">12.1 ¢/fl oz</div></div><span class="w_c" style="-webkit-line-clamp:3;padding-bottom:0em;margin-bottom:-0em"><span class="f6 f5-l normal dark-gray mb0 mt1 lh-title">Glade Room Spray Air Freshener, Clean Linen, 8 oz</span></span><div class="mt2 flex items-center"><span class="black inline-flex mr1"><i aria-hidden="true" class="ld ld-StarFill" style="font-size:12px;vertical-align:-0.175em"></i><i aria-hidden="true" class="ld ld-StarFill" style="font-size:12px;vertical-align:-0.175em"></i><i aria-hidden="true" class="ld ld-StarFill" style="font-size:12px;vertical-align:-0.175em"></i><i aria-hidden="true" class="ld ld-StarFill" style="font-size:12px;vertical-align:-0.175em"></i><i aria-hidden="true" class="ld ld-StarHalf" style="font-size:12px;vertical-align:-0.175em"></i></span><span aria-hidden="true" class="sans-serif gray f7">1151</span><span class="w_Af">4.5 out of 5 Stars. 1151 reviews</span></div><div class="mv2 flex items-center"><div class="f7 mr1 blue b lh-copy">Save with</div><img alt="Walmart Plus" class="pr2 flex" height="20" loading="lazy" src="//i5.walmartimages.com/dfw/63fd9f59-ac39/29c6759d-7f14-49fa-bd3a-b870eb4fb8fb/v1/wplus-icon-blue.svg" width="20"/></div><div class="mt2 mb2"><span class="w_EH w_EN w_ER mr1 mt1 ph1">Pickup</span><span class="w_EH w_EN w_ER mr1 mt1 ph1">Delivery</span><span class="w_EH w_EN w_ER mr1 mt1 ph1">2-day shipping</span></div></div></div></div></div></div><div class="mb1 ph1 pa0-xl bb b--near-white w-25"><div class="h-100 pb1-xl pr4-xl pv1 ph1" style="content-visibility:auto;contain-intrinsic-size:198px 340px"><div class="sans-serif mid-gray relative flex flex-column w-100" data-item-id="21P680CH475U"><a class="absolute w-100 h-100 z-1" href="/ip/Glade-Solid-Air-Freshener-1-CT-Clean-Linen-6-OZ-Total/15543976?athbdg=L1600" link-identifier="15543976"><span class="w_Af">Glade Solid Air Freshener 1 CT, Clean Linen, 6 OZ. Total<!-- --> </span></a><div class="" data-testid="list-view"><div class=""><div class="h2 relative mb2"><span class="w_EH w_EN w_EQ absolute">Best seller</span></div><div class="relative"><div class="relative overflow-hidden" style="max-width:290px;height:0;padding-bottom:min(290px, 100%);align-self:center;width:min(290px, 100%)"><img alt="" class="absolute top-0 left-0" data-testid="productTileImage" height="" loading="lazy" src="https://i5.walmartimages.com/asr/b64a23d9-9df1-42af-802e-d523101dc6b4.f858b102ea2e9a2aa764c2a9c6e3aa98.jpeg?odnHeight=580&amp;odnWidth=580&amp;odnBg=FFFFFF" srcset="https://i5.walmartimages.com/asr/b64a23d9-9df1-42af-802e-d523101dc6b4.f858b102ea2e9a2aa764c2a9c6e3aa98.jpeg?odnHeight=290&amp;odnWidth=290&amp;odnBg=FFFFFF 1x, https://i5.walmartimages.com/asr/b64a23d9-9df1-42af-802e-d523101dc6b4.f858b102ea2e9a2aa764c2a9c6e3aa98.jpeg?odnHeight=580&amp;odnWidth=580&amp;odnBg=FFFFFF 2x" width=""/></div><div class="z-2 absolute bottom--1"><div class="dib relative"><button aria-label="Add to cart - Glade Solid Air Freshener 1 CT, Clean Linen, 6 OZ. Total" class="w_u w_w w_1 pointer bn bg-blue hover-bg-dark-blue white sans-serif b w-auto ph2 flex items-center justify-center shadow-1" type="button"><i class="ld ld-Plus" style="font-size:1.5rem;vertical-align:-0.25em" title="add to cart"></i><span class="mr2">Add</span></button></div></div></div><div class="mt5 mb1" data-testid="variant-21P680CH475U" style="height:24px"></div></div><div class=""><div class="flex flex-wrap justify-start items-center lh-title mb2 mb1-m"><div aria-hidden="true" class="b black f5 mr1 mr2-xl lh-copy f4-l">$0.97</div><span class="w_Af">current price $0.97</span><div class="f7 f6-l gray mr1">16.2 ¢/oz</div></div><span class="w_c" style="-webkit-line-clamp:3;padding-bottom:0em;margin-bottom:-0em"><span class="f6 f5-l normal dark-gray mb0 mt1 lh-title">Glade Solid Air Freshener 1 CT, Clean Linen, 6 OZ. Total</span></span><div class="mt2 flex items-center"><span class="black inline-flex mr1"><i aria-hidden="true" class="ld ld-StarFill" style="font-size:12px;vertical-align:-0.175em"></i><i aria-hidden="true" class="ld ld-StarFill" style="font-size:12px;vertical-align:-0.175em"></i><i aria-hidden="true" class="ld ld-StarFill" style="font-size:12px;vertical-align:-0.175em"></i><i aria-hidden="true" class="ld ld-StarFill" style="font-size:12px;vertical-align:-0.175em"></i><i aria-hidden="true" class="ld ld-StarHalf" style="font-size:12px;vertical-align:-0.175em"></i></span><span aria-hidden="true" class="sans-serif gray f7">465</span><span class="w_Af">4.3 out of 5 Stars. 465 reviews</span></div><div class="mv2 flex items-center"><div class="f7 mr1 blue b lh-copy">Save with</div><img alt="Walmart Plus" class="pr2 flex" height="20" loading="lazy" src="//i5.walmartimages.com/dfw/63fd9f59-ac39/29c6759d-7f14-49fa-bd3a-b870eb4fb8fb/v1/wplus-icon-blue.svg" width="20"/></div><div class="mt2 mb2"><span class="w_EH w_EN w_ER mr1 mt1 ph1">Pickup</span><span class="w_EH w_EN w_ER mr1 mt1 ph1">Delivery</span><span class="w_EH w_EN w_ER mr1 mt1 ph1">2-day shipping</span></div></div></div></div></div></div><div class="mb1 ph1 pa0-xl bb b--near-white w-25"><div class="h-100 pb1-xl pr4-xl pv1 ph1" style="content-visibility:auto;contain-intrinsic-size:198px 340px"><div class="sans-serif mid-gray relative flex flex-column w-100" data-item-id="4BPOO157OX3C"><a class="absolute w-100 h-100 z-1" href="/ip/Febreze-Extra-Strength-Fabric-Odor-Eliminating-Refresher-Original-Scent-27-fl-oz/11045920?athbdg=L1600" link-identifier="11045920"><span class="w_Af">Febreze Extra Strength Fabric Odor-Eliminating Refresher, Original Scent, 27 fl oz<!-- --> </span></a><div class="" data-testid="list-view"><div class=""><div class="h2 relative mb2"><span class="w_EH w_EN w_EQ absolute">Best seller</span></div><div class="relative"><div class="relative overflow-hidden" style="max-width:290px;height:0;padding-bottom:min(290px, 100%);align-self:center;width:min(290px, 100%)"><img alt="" class="absolute top-0 left-0" data-testid="productTileImage" height="" loading="lazy" src="https://i5.walmartimages.com/asr/205820d8-56aa-4be8-b82a-eeaed7588a79_1.591912c31a529a1e57034b54a4ec32da.jpeg?odnHeight=580&amp;odnWidth=580&amp;odnBg=FFFFFF" srcset="https://i5.walmartimages.com/asr/205820d8-56aa-4be8-b82a-eeaed7588a79_1.591912c31a529a1e57034b54a4ec32da.jpeg?odnHeight=290&amp;odnWidth=290&amp;odnBg=FFFFFF 1x, https://i5.walmartimages.com/asr/205820d8-56aa-4be8-b82a-eeaed7588a79_1.591912c31a529a1e57034b54a4ec32da.jpeg?odnHeight=580&amp;odnWidth=580&amp;odnBg=FFFFFF 2x" width=""/></div><div class="z-2 absolute bottom--1"><div class="dib relative"><button aria-label="Add to cart - Febreze Extra Strength Fabric Odor-Eliminating Refresher, Original Scent, 27 fl oz" class="w_u w_w w_1 pointer bn bg-blue hover-bg-dark-blue white sans-serif b w-auto ph2 flex items-center justify-center shadow-1" type="button"><i class="ld ld-Plus" style="font-size:1.5rem;vertical-align:-0.25em" title="add to cart"></i><span class="mr2">Add</span></button></div></div></div><div class="mt5 mb1" data-testid="variant-4BPOO157OX3C" style="height:24px"></div></div><div class=""><div class="flex flex-wrap justify-start items-center lh-title mb2 mb1-m"><div aria-hidden="true" class="b black f5 mr1 mr2-xl lh-copy f4-l">$4.94</div><span class="w_Af">current price $4.94</span><div class="f7 f6-l gray mr1">18.3 ¢/fl oz</div></div><span class="w_c" style="-webkit-line-clamp:3;padding-bottom:0em;margin-bottom:-0em"><span class="f6 f5-l normal dark-gray mb0 mt1 lh-title">Febreze Extra Strength Fabric Odor-Eliminating Refresher, Original Scent, 27 fl oz</span></span><div class="mt2 flex items-center"><span class="black inline-flex mr1"><i aria-hidden="true" class="ld ld-StarFill" style="font-size:12px;vertical-align:-0.175em"></i><i aria-hidden="true" class="ld ld-StarFill" style="font-size:12px;vertical-align:-0.175em"></i><i aria-hidden="true" class="ld ld-StarFill" style="font-size:12px;vertical-align:-0.175em"></i><i aria-hidden="true" class="ld ld-StarFill" style="font-size:12px;vertical-align:-0.175em"></i><i aria-hidden="true" class="ld ld-StarHalf" style="font-size:12px;vertical-align:-0.175em"></i></span><span aria-hidden="true" class="sans-serif gray f7">540</span><span class="w_Af">4.5 out of 5 Stars. 540 reviews</span></div><div class="mv2 flex items-center"><div class="f7 mr1 blue b lh-copy">Save with</div><img alt="Walmart Plus" class="pr2 flex" height="20" loading="lazy" src="//i5.walmartimages.com/dfw/63fd9f59-ac39/29c6759d-7f14-49fa-bd3a-b870eb4fb8fb/v1/wplus-icon-blue.svg" width="20"/></div><div class="mt2 mb2"><span class="w_EH w_EN w_ER mr1 mt1 ph1">Pickup</span><span class="w_EH w_EN w_ER mr1 mt1 ph1">Delivery</span><span class="w_EH w_EN w_ER mr1 mt1 ph1">2-day shipping</span></div></div></div></div></div></div><div class="mb1 ph1 pa0-xl bb b--near-white w-25"><div class="h-100 pb1-xl pr4-xl pv1 ph1" style="content-visibility:auto;contain-intrinsic-size:198px 340px"><div class="sans-serif mid-gray relative flex flex-column w-100" data-item-id="5TYRGIG3LVNW"><a class="absolute w-100 h-100 z-1" href="/ip/Air-Wick-Plug-in-Scented-Oil-Refill-2-Count-Lilac-and-White-Lavender-Air-Freshener-Essential-Oils/865760190" link-identifier="865760190"><span class="w_Af">Air Wick Plug in Scented Oil Refill, 2 Count, Lilac and White Lavender, Air Freshener, Essential Oils<!-- --> </span></a><div class="" data-testid="list-view"><div class=""><div class="h2 relative mb2"></div><div class="relative"><div class="relative overflow-hidden" style="max-width:290px;height:0;padding-bottom:min(290px, 100%);align-self:center;width:min(290px, 100%)"><img alt="" class="absolute top-0 left-0" data-testid="productTileImage" height="" loading="lazy" src="https://i5.walmartimages.com/asr/457c6310-cf0f-4900-98a7-17051d02884f.dd6b09d6aac911e8a610e96dc68176fd.jpeg?odnHeight=580&amp;odnWidth=580&amp;odnBg=FFFFFF" srcset="https://i5.walmartimages.com/asr/457c6310-cf0f-4900-98a7-17051d02884f.dd6b09d6aac911e8a610e96dc68176fd.jpeg?odnHeight=290&amp;odnWidth=290&amp;odnBg=FFFFFF 1x, https://i5.walmartimages.com/asr/457c6310-cf0f-4900-98a7-17051d02884f.dd6b09d6aac911e8a610e96dc68176fd.jpeg?odnHeight=580&amp;odnWidth=580&amp;odnBg=FFFFFF 2x" width=""/></div><div class="z-2 absolute bottom--1"><div class="dib relative"><button aria-label="Add to cart - Air Wick Plug in Scented Oil Refill, 2 Count, Lilac and White Lavender, Air Freshener, Essential Oils" class="w_u w_w w_1 pointer bn bg-blue hover-bg-dark-blue white sans-serif b w-auto ph2 flex items-center justify-center shadow-1" type="button"><i class="ld ld-Plus" style="font-size:1.5rem;vertical-align:-0.25em" title="add to cart"></i><span class="mr2">Add</span></button></div></div></div><div class="mt5 mb1" data-testid="variant-5TYRGIG3LVNW" style="height:24px"></div></div><div class=""><div class="flex flex-wrap justify-start items-center lh-title mb2 mb1-m"><div aria-hidden="true" class="b black f5 mr1 mr2-xl lh-copy f4-l">$5.48</div><span class="w_Af">current price $5.48</span></div><span class="w_c" style="-webkit-line-clamp:3;padding-bottom:0em;margin-bottom:-0em"><span class="f6 f5-l normal dark-gray mb0 mt1 lh-title">Air Wick Plug in Scented Oil Refill, 2 Count, Lilac and White Lavender, Air Freshener, Essential Oils</span></span><div class="mv2 flex items-center"><div class="f7 mr1 blue b lh-copy">Save with</div><img alt="Walmart Plus" class="pr2 flex" height="20" loading="lazy" src="//i5.walmartimages.com/dfw/63fd9f59-ac39/29c6759d-7f14-49fa-bd3a-b870eb4fb8fb/v1/wplus-icon-blue.svg" width="20"/></div><div class="mt2 mb2"><span class="w_EH w_EN w_ER mr1 mt1 ph1">Pickup</span><span class="w_EH w_EN w_ER mr1 mt1 ph1">Delivery</span><span class="w_EH w_EN w_ER mr1 mt1 ph1">2-day shipping</span></div></div></div></div></div></div><div class="mb1 ph1 pa0-xl bb b--near-white w-25"><div class="h-100 pb1-xl pr4-xl pv1 ph1" style="content-visibility:auto;contain-intrinsic-size:198px 340px"><div class="sans-serif mid-gray relative flex flex-column w-100" data-item-id="3L4RVZMR8CBB"><a class="absolute w-100 h-100 z-1" href="/ip/Glade-Solid-Air-Freshener-1-CT-Hawaiian-Breeze-6-OZ-Total/15543978" link-identifier="15543978"><span class="w_Af">Glade Solid Air Freshener 1 CT, Hawaiian Breeze, 6 OZ. Total<!-- --> </span></a><div class="" data-testid="list-view"><div class=""><div class="h2 relative mb2"></div><div class="relative"><div class="relative overflow-hidden" style="max-width:290px;height:0;padding-bottom:min(290px, 100%);align-self:center;width:min(290px, 100%)"><img alt="" class="absolute top-0 left-0" data-testid="productTileImage" height="" loading="lazy" src="https://i5.walmartimages.com/asr/a08e3a8f-2256-4c13-b1a8-20615b5dcae3.c11c3a863934847962a8794ae0cbc871.jpeg?odnHeight=580&amp;odnWidth=580&amp;odnBg=FFFFFF" srcset="https://i5.walmartimages.com/asr/a08e3a8f-2256-4c13-b1a8-20615b5dcae3.c11c3a863934847962a8794ae0cbc871.jpeg?odnHeight=290&amp;odnWidth=290&amp;odnBg=FFFFFF 1x, https://i5.walmartimages.com/asr/a08e3a8f-2256-4c13-b1a8-20615b5dcae3.c11c3a863934847962a8794ae0cbc871.jpeg?odnHeight=580&amp;odnWidth=580&amp;odnBg=FFFFFF 2x" width=""/></div><div class="z-2 absolute bottom--1"><div class="dib relative"><button aria-label="Add to cart - Glade Solid Air Freshener 1 CT, Hawaiian Breeze, 6 OZ. Total" class="w_u w_w w_1 pointer bn bg-blue hover-bg-dark-blue white sans-serif b w-auto ph2 flex items-center justify-center shadow-1" type="button"><i class="ld ld-Plus" style="font-size:1.5rem;vertical-align:-0.25em" title="add to cart"></i><span class="mr2">Add</span></button></div></div></div><div class="mt5 mb1" data-testid="variant-3L4RVZMR8CBB" style="height:24px"></div></div><div class=""><div class="flex flex-wrap justify-start items-center lh-title mb2 mb1-m"><div aria-hidden="true" class="b black f5 mr1 mr2-xl lh-copy f4-l">$0.97</div><span class="w_Af">current price $0.97</span><div class="f7 f6-l gray mr1">16.2 ¢/oz</div></div><span class="w_c" style="-webkit-line-clamp:3;padding-bottom:0em;margin-bottom:-0em"><span class="f6 f5-l normal dark-gray mb0 mt1 lh-title">Glade Solid Air Freshener 1 CT, Hawaiian Breeze, 6 OZ. Total</span></span><div class="mt2 flex items-center"><span class="black inline-flex mr1"><i aria-hidden="true" class="ld ld-StarFill" style="font-size:12px;vertical-align:-0.175em"></i><i aria-hidden="true" class="ld ld-StarFill" style="font-size:12px;vertical-align:-0.175em"></i><i aria-hidden="true" class="ld ld-StarFill" style="font-size:12px;vertical-align:-0.175em"></i><i aria-hidden="true" class="ld ld-StarFill" style="font-size:12px;vertical-align:-0.175em"></i><i aria-hidden="true" class="ld ld-StarHalf" style="font-size:12px;vertical-align:-0.175em"></i></span><span aria-hidden="true" class="sans-serif gray f7">366</span><span class="w_Af">4.3 out of 5 Stars. 366 reviews</span></div><div class="mv2 flex items-center"><div class="f7 mr1 blue b lh-copy">Save with</div><img alt="Walmart Plus" class="pr2 flex" height="20" loading="lazy" src="//i5.walmartimages.com/dfw/63fd9f59-ac39/29c6759d-7f14-49fa-bd3a-b870eb4fb8fb/v1/wplus-icon-blue.svg" width="20"/></div><div class="mt2 mb2"><span class="w_EH w_EN w_ER mr1 mt1 ph1">Pickup</span><span class="w_EH w_EN w_ER mr1 mt1 ph1">Delivery</span><span class="w_EH w_EN w_ER mr1 mt1 ph1">2-day shipping</span></div></div></div></div></div></div><div class="mb1 ph1 pa0-xl bb b--near-white w-25"><div class="h-100 pb1-xl pr4-xl pv1 ph1" style="content-visibility:auto;contain-intrinsic-size:198px 340px"><div class="sans-serif mid-gray relative flex flex-column w-100" data-item-id="69LLF1KP42BM"><a class="absolute w-100 h-100 z-1" href="/ip/Arm-Hammer-Carpet-Odor-Eliminator-Pet-Fresh-30-oz/13908244?athbdg=L1600" link-identifier="13908244"><span class="w_Af">Arm &amp; Hammer Carpet Odor Eliminator, Pet Fresh 30 oz.<!-- --> </span></a><div class="" data-testid="list-view"><div class=""><div class="h2 relative mb2"><span class="w_EH w_EN w_EQ absolute">Best seller</span></div><div class="relative"><div class="relative overflow-hidden" style="max-width:290px;height:0;padding-bottom:min(290px, 100%);align-self:center;width:min(290px, 100%)"><img alt="" class="absolute top-0 left-0" data-testid="productTileImage" height="" loading="lazy" src="https://i5.walmartimages.com/asr/21049366-352f-4d83-9423-f8552ad4497e_1.5acfc31caeaa4b1e0a3fe882042ec594.jpeg?odnHeight=580&amp;odnWidth=580&amp;odnBg=FFFFFF" srcset="https://i5.walmartimages.com/asr/21049366-352f-4d83-9423-f8552ad4497e_1.5acfc31caeaa4b1e0a3fe882042ec594.jpeg?odnHeight=290&amp;odnWidth=290&amp;odnBg=FFFFFF 1x, https://i5.walmartimages.com/asr/21049366-352f-4d83-9423-f8552ad4497e_1.5acfc31caeaa4b1e0a3fe882042ec594.jpeg?odnHeight=580&amp;odnWidth=580&amp;odnBg=FFFFFF 2x" width=""/></div><div class="z-2 absolute bottom--1"><div class="dib relative"><button aria-label="Add to cart - Arm &amp; Hammer Carpet Odor Eliminator, Pet Fresh 30 oz." class="w_u w_w w_1 pointer bn bg-blue hover-bg-dark-blue white sans-serif b w-auto ph2 flex items-center justify-center shadow-1" type="button"><i class="ld ld-Plus" style="font-size:1.5rem;vertical-align:-0.25em" title="add to cart"></i><span class="mr2">Add</span></button></div></div></div><div class="mt5 mb1" data-testid="variant-69LLF1KP42BM" style="height:24px"></div></div><div class=""><div class="flex flex-wrap justify-start items-center lh-title mb2 mb1-m"><div aria-hidden="true" class="b black f5 mr1 mr2-xl lh-copy f4-l">$1.64</div><span class="w_Af">current price $1.64</span><div class="f7 f6-l gray mr1">5.5 ¢/oz</div></div><span class="w_c" style="-webkit-line-clamp:3;padding-bottom:0em;margin-bottom:-0em"><span class="f6 f5-l normal dark-gray mb0 mt1 lh-title">Arm &amp; Hammer Carpet Odor Eliminator, Pet Fresh 30 oz.</span></span><div class="mt2 flex items-center"><span class="black inline-flex mr1"><i aria-hidden="true" class="ld ld-StarFill" style="font-size:12px;vertical-align:-0.175em"></i><i aria-hidden="true" class="ld ld-StarFill" style="font-size:12px;vertical-align:-0.175em"></i><i aria-hidden="true" class="ld ld-StarFill" style="font-size:12px;vertical-align:-0.175em"></i><i aria-hidden="true" class="ld ld-StarFill" style="font-size:12px;vertical-align:-0.175em"></i><i aria-hidden="true" class="ld ld-StarHalf" style="font-size:12px;vertical-align:-0.175em"></i></span><span aria-hidden="true" class="sans-serif gray f7">1210</span><span class="w_Af">4.6 out of 5 Stars. 1210 reviews</span></div><div class="mv2 flex items-center"><div class="f7 mr1 blue b lh-copy">Save with</div><img alt="Walmart Plus" class="pr2 flex" height="20" loading="lazy" src="//i5.walmartimages.com/dfw/63fd9f59-ac39/29c6759d-7f14-49fa-bd3a-b870eb4fb8fb/v1/wplus-icon-blue.svg" width="20"/></div><div class="mt2 mb2"><span class="w_EH w_EN w_ER mr1 mt1 ph1">Pickup</span><span class="w_EH w_EN w_ER mr1 mt1 ph1">Delivery</span><span class="w_EH w_EN w_ER mr1 mt1 ph1">2-day shipping</span></div></div></div></div></div></div><div class="mb1 ph1 pa0-xl bb b--near-white w-25"><div class="h-100 pb1-xl pr4-xl pv1 ph1" style="content-visibility:auto;contain-intrinsic-size:198px 340px"><div class="sans-serif mid-gray relative flex flex-column w-100" data-item-id="3ASP2G6RHYC9"><a class="absolute w-100 h-100 z-1" href="/ip/Renuzit-Snuggle-Solid-Gel-Air-Freshener-Cone-Linen-Escape-Scent-Nonstop-Freshness-7-Ounces-1-Cone/677734224?athbdg=L1600" link-identifier="677734224"><span class="w_Af">Renuzit Snuggle Solid Gel Air Freshener Cone, Linen Escape Scent, Nonstop Freshness, 7 Ounces, 1 Cone<!-- --> </span></a><div class="" data-testid="list-view"><div class=""><div class="h2 relative mb2"><span class="w_EH w_EN w_EQ absolute">Best seller</span></div><div class="relative"><div class="relative overflow-hidden" style="max-width:290px;height:0;padding-bottom:min(290px, 100%);align-self:center;width:min(290px, 100%)"><img alt="" class="absolute top-0 left-0" data-testid="productTileImage" height="" loading="lazy" src="https://i5.walmartimages.com/asr/eb248c90-3955-480d-9569-70f21fc4e4bf.29bd2843e85c8cd51b5bdfaffc3ccd38.png?odnHeight=580&amp;odnWidth=580&amp;odnBg=FFFFFF" srcset="https://i5.walmartimages.com/asr/eb248c90-3955-480d-9569-70f21fc4e4bf.29bd2843e85c8cd51b5bdfaffc3ccd38.png?odnHeight=290&amp;odnWidth=290&amp;odnBg=FFFFFF 1x, https://i5.walmartimages.com/asr/eb248c90-3955-480d-9569-70f21fc4e4bf.29bd2843e85c8cd51b5bdfaffc3ccd38.png?odnHeight=580&amp;odnWidth=580&amp;odnBg=FFFFFF 2x" width=""/></div><div class="z-2 absolute bottom--1"><div class="dib relative"><button aria-label="Add to cart - Renuzit Snuggle Solid Gel Air Freshener Cone, Linen Escape Scent, Nonstop Freshness, 7 Ounces, 1 Cone" class="w_u w_w w_1 pointer bn bg-blue hover-bg-dark-blue white sans-serif b w-auto ph2 flex items-center justify-center shadow-1" type="button"><i class="ld ld-Plus" style="font-size:1.5rem;vertical-align:-0.25em" title="add to cart"></i><span class="mr2">Add</span></button></div></div></div><div class="mt5 mb1" data-testid="variant-3ASP2G6RHYC9" style="height:24px"></div></div><div class=""><div class="flex flex-wrap justify-start items-center lh-title mb2 mb1-m"><div aria-hidden="true" class="b black f5 mr1 mr2-xl lh-copy f4-l">$0.97</div><span class="w_Af">current price $0.97</span></div><span class="w_c" style="-webkit-line-clamp:3;padding-bottom:0em;margin-bottom:-0em"><span class="f6 f5-l normal dark-gray mb0 mt1 lh-title">Renuzit Snuggle Solid Gel Air Freshener Cone, Linen Escape Scent, Nonstop Freshness, 7 Ounces, 1 Cone</span></span><div class="mt2 flex items-center"><span class="black inline-flex mr1"><i aria-hidden="true" class="ld ld-StarFill" style="font-size:12px;vertical-align:-0.175em"></i><i aria-hidden="true" class="ld ld-StarFill" style="font-size:12px;vertical-align:-0.175em"></i><i aria-hidden="true" class="ld ld-StarFill" style="font-size:12px;vertical-align:-0.175em"></i><i aria-hidden="true" class="ld ld-StarFill" style="font-size:12px;vertical-align:-0.175em"></i><i aria-hidden="true" class="ld ld-StarHalf" style="font-size:12px;vertical-align:-0.175em"></i></span><span aria-hidden="true" class="sans-serif gray f7">264</span><span class="w_Af">4.5 out of 5 Stars. 264 reviews</span></div><div class="mt2 mb2"><span class="w_EH w_EN w_ER mr1 mt1 ph1">Pickup</span></div></div></div></div></div></div></div></section></div></div></div></div></div></div><div class="h-100 relative"><div class="flex flex-column h-100" data-testid="flex-container"><div class="h-100 relative"><div class="w_B9 pa0" id="BROWSE-MarqueeDisplayAd-marquee2"></div> <div class="pt3"><div class="w_B9 pa0" id="BROWSE-SponsoredProductCarousel-bottom"></div></div> <!-- --> <!-- --> </div></div></div></div></main></div></div><span><footer class="bg-washed-blue pt5 lh-copy relative z-0"><div class="mb5 pv1 tc"><p class="f5 mt0">We’d love to hear what you think!</p><button class="w_u w_x w_1" type="button">Give feedback</button></div><div class="bg-dark-blue pv4"><ul class="center flex flex-wrap justify-center list ma0 ph4 pb4 pt3 mw1280"><li><a class="no-underline pointer f6 white mr4" href="/all-departments" link-identifier="All Departments">All Departments</a></li><li><a aria-label="Store Directory - opens in a new window" class="no-underline pointer f6 white mr4" href="/store/directory" link-identifier="Store Directory" rel="noopener noreferrer" target="_blank">Store Directory</a></li><li><a aria-label="Careers - opens in a new window" class="no-underline pointer f6 white mr4" href="https://careers.walmart.com/" link-identifier="Careers" rel="noopener noreferrer" target="_blank">Careers</a></li><li><a aria-label="Our Company - opens in a new window" class="no-underline pointer f6 white mr4" href="https://corporate.walmart.com/" link-identifier="Our Company" rel="noopener noreferrer" target="_blank">Our Company</a></li><li><a aria-label="Sell on Walmart.com - opens in a new window" class="no-underline pointer f6 white mr4" href="https://marketplace.walmart.com/?utm_source=Walmart.com&amp;utm_medium=link&amp;utm_campaign=footer" link-identifier="Sell on Walmart.com" rel="noopener noreferrer" target="_blank">Sell on Walmart.com</a></li><li><a class="no-underline pointer f6 white mr4" href="/help" link-identifier="Help">Help</a></li><li><a class="no-underline pointer f6 white mr4" href="https://www.walmart.com/cp/flu-shots-immunizations/1228302" link-identifier="COVID-19 Vaccine Scheduler">COVID-19 Vaccine Scheduler</a></li><li><a aria-label="Product Recalls - opens in a new window" class="no-underline pointer f6 white mr4" href="https://corporate.walmart.com/recalls" link-identifier="Product Recalls" rel="noopener noreferrer" target="_blank">Product Recalls</a></li><li><a aria-label="Accessibility - opens in a new window" class="no-underline pointer f6 white mr4" href="https://www.walmart.com/help/article/responsible-disclosure-and-accessibility-policies/0f173dab8bd942da84b1cd7ab5ffc3cb" link-identifier="Accessibility" rel="noopener noreferrer" target="_blank">Accessibility</a></li><li><a aria-label="Tax Exempt Program - opens in a new window" class="no-underline pointer f6 white mr4" href="https://www.walmart.com/taxexempt/" link-identifier="Tax Exempt Program" rel="noopener noreferrer" target="_blank">Tax Exempt Program</a></li><li><a class="no-underline pointer f6 white mr4" href="https://walmart.onelink.me/UIev?pid=walmart.com&amp;af_web_dp=https%3A%2F%2Fwww.walmart.com%2Fcp%2Fwalmart-mobile-app%2F1087865&amp;c=Walmart.com%20Site%20Footer&amp;af_dp=walmart%3A%2F%2F" link-identifier="Get the Walmart App">Get the Walmart App</a></li><li><a class="no-underline pointer f6 white mr4" href="https://www.walmart.com/account/communications-and-privacy?section=marketingemails" link-identifier="Sign-up for Email">Sign-up for Email</a></li><li><a class="no-underline pointer f6 white mr4" href="/help/article/walmart-com-terms-of-use/3b75080af40340d6bbd596f116fae5a0" link-identifier="Terms of Use">Terms of Use</a></li><li><a aria-label="Privacy &amp; Security - opens in a new window" class="no-underline pointer f6 white mr4" href="https://corporate.walmart.com/privacy-security" link-identifier="Privacy &amp; Security" rel="noopener noreferrer" target="_blank">Privacy &amp; Security</a></li><li><a aria-label="CA Privacy Rights - opens in a new window" class="no-underline pointer f6 white mr4" href="https://corporate.walmart.com/privacy-security/california-privacy-rights" link-identifier="CA Privacy Rights" rel="noopener noreferrer" target="_blank">CA Privacy Rights</a></li><li><a aria-label="California Supply Chain Act - opens in a new window" class="no-underline pointer f6 white mr4" href="https://corporate.walmart.com/california-transparency" link-identifier="California Supply Chain Act" rel="noopener noreferrer" target="_blank">California Supply Chain Act</a></li><li><a aria-label="Do Not Sell My Personal Information - opens in a new window" class="no-underline pointer f6 white mr4" href="https://www.walmart.com/account/api/ccpa-intake?native=false&amp;app=gm&amp;type=sod" link-identifier="Do Not Sell My Personal Information" rel="noopener noreferrer" target="_blank">Do Not Sell My Personal Information</a></li><li><a aria-label="Request My Personal Information - opens in a new window" class="no-underline pointer f6 white" href="https://www.walmart.com/account/api/ccpa-intake?native=false&amp;app=gm&amp;type=access" link-identifier="Request My Personal Information" rel="noopener noreferrer" target="_blank">Request My Personal Information</a></li></ul><div class="pt2 f7 lh-title tc white">© 2022 Walmart. All Rights Reserved.</div></div></footer></span></div></div></div><div aria-live="assertive"></div></div><script id="__NEXT_DATA__" nonce="1Oaa7QHNXHckLVa1" type="application/json">{"props":{"pageProps":{"initialData":{"headers":{},"moduleDataByZone":{"pillsTopZone":{"name":"Browse Pills Module","version":5,"type":"PillsModule","moduleId":"1b40507d-81e6-4a56-a1ac-186a21cbd058","schedule":{"priority":1},"matchedTrigger":{"zone":"pillsTopZone"},"configs":{"__typename":"TempoWM_GLASSWWWPillsModuleConfigs","moduleSource":"chipModuleWithImages","pillsV2":[{"title":"Plug In Air Fresheners","url":"https://www.walmart.com/browse/household-essentials/plug-in-air-fresheners/1115193_1025739_8403021","image":{"src":"https://i5.walmartimages.com/dfw/4ff9c6c9-1618/k2-_f38431c6-7240-4b14-bfd5-e6f803a7e1f0.v1.jpg","alt":"Plug In Air Fresheners "}},{"title":"Spray Air Fresheners","url":"https://www.walmart.com/browse/household-essentials/spray-air-fresheners/1115193_1025739_3653204","image":{"src":"https://i5.walmartimages.com/dfw/4ff9c6c9-f83e/k2-_707d643d-0245-434d-852f-456888123f87.v1.jpg","alt":"Spray Air Fresheners"}},{"title":"Automatic Air Fresheners","url":"https://www.walmart.com/browse/household-essentials/automatic-air-fresheners/1115193_1025739_7085880","image":{"src":"https://i5.walmartimages.com/dfw/4ff9c6c9-8f59/k2-_e0da9e56-54c7-490a-9fe7-8113b1ab08d0.v1.jpg","alt":"Automatic Air Fresheners"}},{"title":"Moisture Absorbers","url":"https://www.walmart.com/browse/household-essentials/moisture-absorbers/1115193_1025739_6453453","image":{"src":"https://i5.walmartimages.com/dfw/4ff9c6c9-6d50/k2-_c953369d-f2af-4c0a-9532-66cd9e844da4.v1.jpg","alt":"Moisture Absorbers"}},{"title":"Candle Air Fresheners","url":"https://www.walmart.com/browse/household-essentials/odor-eliminating-candles/1115193_1025739_9198928","image":{"src":"https://i5.walmartimages.com/dfw/4ff9c6c9-f5d2/k2-_bab0119c-c1f8-4fcc-9830-2fa5b2d5f563.v1.jpg","alt":"Candle Air Fresheners"}},{"title":"Bathroom Air Fresheners","url":"https://www.walmart.com/browse/household-essentials/bathroom-air-fresheners/1115193_1025739_5929933","image":{"src":"https://i5.walmartimages.com/dfw/4ff9c6c9-abed/k2-_523f019e-a794-43fd-9f1e-b9de5b3830fd.v1.jpg","alt":"Bathroom Air Fresheners"}},{"title":"Clean Air Fresheners","url":"https://www.walmart.com/browse/household-essentials/clean-living-air-fresheners/1115193_2606160_9816597","image":{"src":"https://i5.walmartimages.com/dfw/4ff9c6c9-940c/k2-_7c44292e-a66f-4fef-a6f6-71f7aaf10adb.v1.jpg","alt":"Clean Living Air Fresheners"}},{"title":"Auto Air Fresheners","url":"https://www.walmart.com/browse/auto-tires/auto-air-fresheners/91083_1212910_1212922","image":{"src":"https://i5.walmartimages.com/dfw/4ff9c6c9-c3c0/k2-_7f259c39-2353-4c53-b8e2-1dac9639b17d.v1.png","alt":"Auto Air Fresheners"}}]}},"topZone5":{"name":"SPRING CLEANING | Household Chemicals BROWSE Service Entry Banner Module | 3.29.22 AN","version":2,"type":"SearchBanner","moduleId":"97fd70a9-d515-408d-877b-c19bd372b68b","schedule":{"priority":0},"matchedTrigger":{"zone":"topZone5"},"configs":{"__typename":"TempoWM_GLASSWWWSearchBannerConfigs","moduleType":"LINK","viewConfig":{"title":"Services related to your search","image":"https://i5.walmartimages.com/dfw/4ff9c6c9-ed0a/k2-_77ba42c6-dc18-45ce-a9a9-7d04bfd1e707.v1.png","imageAlt":"Pickup and delivery. Shop for spring spruce up essentials at everyday low prices.","displayName":"Pickup \u0026 Delivery","description":"Shop for spring spruce-up essentials at everyday low prices.","url":"https://www.walmart.com/browse/household-essentials/1115193?facet=fulfillment_method%3APickup\u0026povid=householdessentials_browsebanner_opdspringcleaning","urlAlt":"Shop now","appStoreLink":null,"appStoreLinkAlt":null,"playStoreLink":null,"playStoreLinkAlt":null}}},"bottomZone3":{"name":"Copy Block","version":5,"type":"CopyBlock","moduleId":"2ca07422-a364-4155-9173-79e615c57141","schedule":{"priority":1},"matchedTrigger":{"zone":"bottomZone3"},"configs":{"__typename":"TempoWM_GLASSWWWCopyBlockConfigs","copyBlock":{"cwc":"\u003ch2\u003eAir Fresheners and Deodorizers\u003c/h2\u003e\u003cp\u003eWhether you want to mask pet odors or cooking odors or just want to bring some pleasant scents into your home, air fresheners and deodorizers can help. At Walmart, you'll find many types of air fresheners, including sprays, \u003ca href='https://www.walmart.com/c/ep/scented-candles'\u003escented candles\u003c/a\u003e and \u003ca href='https://www.walmart.com/browse/household-essentials/air-fresheners/electric/1115193_1025739/Y2F0ZWdvcnk6RWxlY3RyaWMie'\u003eelectric air fresheners\u003c/a\u003e that can be plugged into your \u003ca href='https://www.walmart.com/c/kp/wall-outlets'\u003eoutlets\u003c/a\u003e.\u003cp\u003eSpray air fresheners are a good choice for freshening up the air quickly and directly, especially when you want to mask a particular odor. For more continuous, long-lasting scent, choose scented candles or electric air fresheners.\u003cp\u003eChoosing a fragrance is largely a matter of taste. If you enjoy the outdoors, you may want an air freshener that smells like grass or pine. If you like freshly baked apple pie, you may prefer a \u003ca href='https://www.walmart.com/c/kp/cinnamon'\u003ecinnamon\u003c/a\u003e-scented air freshener. You may also want to think about where you'll be using the air freshener before choosing a scent. To mask cooking odors in the kitchen, sweet scents like lavender or vanilla are good choices. Citrus and other fresh scents are good for masking bathroom odors. In the laundry room, you may prefer a floral or outdoorsy fragrance.\u003cp\u003eWith Every Day Low Prices on a wide variety of air fresheners and deodorizers, Walmart has you covered. Save money. Live better."}}},"bottomZone1":{"name":"Marquee Display Ad BTF BP DWeb","version":2,"type":"MarqueeDisplayAd","moduleId":"17741b72-82a8-4fee-8de2-fd4f27679ab6","schedule":{"priority":0},"matchedTrigger":{"zone":"bottomZone1"},"configs":{"__typename":"TempoWM_GLASSWWWMarqueeDisplayAdConfigs","_rawConfigs":{"moduleLocation":"marquee2","lazy":"1000"},"ad":null}},"topZone3":{"name":"New Sort \u0026 Filter on Search Page Module, Wednesday, July 14, 2021, 3:12:54:47 pm","version":1,"type":"SearchSortFilterModule","moduleId":"c4592076-abb9-4007-8ad9-891ec264278c","schedule":{"priority":1},"matchedTrigger":{"zone":"topZone3"},"configs":{"__typename":"_TempoWM_GLASSWWWSearchSortFilterModuleConfigs","facetsV1":[{"title":"Gifting","name":"Gifting","type":"Gifting","layout":"default","min":null,"max":null,"selectedMin":null,"selectedMax":null,"unboundedMax":null,"stepSize":null,"isSelected":null,"values":[{"id":null,"name":"Gift eligible","description":null,"type":null,"itemCount":124,"isSelected":null,"baseSeoURL":null}]},{"title":"Sort by","name":"Sort","type":"sort","layout":"default","min":null,"max":null,"selectedMin":null,"selectedMax":null,"unboundedMax":null,"stepSize":null,"isSelected":null,"values":[{"id":"best_seller","name":"Best Seller","description":null,"type":null,"itemCount":null,"isSelected":false,"baseSeoURL":null},{"id":"best_match","name":"Best Match","description":null,"type":null,"itemCount":null,"isSelected":true,"baseSeoURL":null},{"id":"price_low","name":"Price: low to high","description":null,"type":null,"itemCount":null,"isSelected":false,"baseSeoURL":null},{"id":"price_high","name":"Price: high to low","description":null,"type":null,"itemCount":null,"isSelected":false,"baseSeoURL":null}]},{"title":"In-store","name":"In-store","type":"fulfillment_method_in_store","layout":"pill","min":null,"max":null,"selectedMin":null,"selectedMax":null,"unboundedMax":null,"stepSize":null,"isSelected":null,"values":null},{"title":"Pickup \u0026 shipping","name":"Fulfillment Method","type":"fulfillment_method","layout":"pill","min":null,"max":null,"selectedMin":null,"selectedMax":null,"unboundedMax":null,"stepSize":null,"isSelected":null,"values":[{"id":null,"name":"Pickup","description":"We'll bring it to you curbside or come inside to pick it up.","type":null,"itemCount":0,"isSelected":null,"baseSeoURL":null},{"id":null,"name":"Delivery","description":"Get your order brought to you from a store. Free with W+.","type":null,"itemCount":0,"isSelected":null,"baseSeoURL":null},{"id":null,"name":"Shipping","description":"Get your order shipped fast via FedEx or UPS.","type":null,"itemCount":0,"isSelected":null,"baseSeoURL":null}]},{"title":"Price","name":"Price","type":"price","layout":"pill","min":0,"max":35,"selectedMin":null,"selectedMax":null,"unboundedMax":true,"stepSize":1,"isSelected":null,"values":null},{"title":"Brand","name":"Brand","type":"brand","layout":"pill","min":null,"max":null,"selectedMin":null,"selectedMax":null,"unboundedMax":null,"stepSize":null,"isSelected":null,"values":[{"id":null,"name":"Febreze","description":null,"type":null,"itemCount":523,"isSelected":null,"baseSeoURL":"/browse/household-essentials/air-fresheners/febreze/1115193_1025739/YnJhbmQ6RmViicmV6ZQieie"},{"id":null,"name":"Glade","description":null,"type":null,"itemCount":624,"isSelected":null,"baseSeoURL":"/browse/household-essentials/air-fresheners/glade/1115193_1025739/YnJhbmQ6R2xhZGUie"},{"id":null,"name":"Air Wick","description":null,"type":null,"itemCount":657,"isSelected":null,"baseSeoURL":"/browse/household-essentials/air-fresheners/air-wick/1115193_1025739/YnJhbmQ6QWlyIFdpY2sie"},{"id":null,"name":"Great Value","description":null,"type":null,"itemCount":32,"isSelected":null,"baseSeoURL":"/browse/household-essentials/air-fresheners/great-value/1115193_1025739/YnJhbmQ6R3JlYXQgVmFsdWUie"},{"id":null,"name":"DampRid","description":null,"type":null,"itemCount":217,"isSelected":null,"baseSeoURL":"/browse/household-essentials/air-fresheners/damprid/1115193_1025739/YnJhbmQ6RGFtcFJpZAieie"},{"id":null,"name":"Renuzit","description":null,"type":null,"itemCount":194,"isSelected":null,"baseSeoURL":"/browse/household-essentials/air-fresheners/renuzit/1115193_1025739/YnJhbmQ6UmVudXppdAieie"},{"id":null,"name":"Poo~Pourri","description":null,"type":null,"itemCount":106,"isSelected":null,"baseSeoURL":"/browse/household-essentials/air-fresheners/poo-pourri/1115193_1025739/YnJhbmQ6UG9vflBvdXJyaQieie"},{"id":null,"name":"Arm \u0026 Hammer","description":null,"type":null,"itemCount":22,"isSelected":null,"baseSeoURL":"/browse/household-essentials/air-fresheners/arm-hammer/1115193_1025739/YnJhbmQ6QXJtICYgSGFtbWVy"},{"id":null,"name":"Punati","description":null,"type":null,"itemCount":7,"isSelected":null,"baseSeoURL":"/browse/household-essentials/air-fresheners/punati/1115193_1025739/YnJhbmQ6UHVuYXRp"},{"id":null,"name":"Filter Fresh","description":null,"type":null,"itemCount":2,"isSelected":null,"baseSeoURL":null},{"id":null,"name":"Ozium","description":null,"type":null,"itemCount":21,"isSelected":null,"baseSeoURL":"/browse/household-essentials/air-fresheners/ozium/1115193_1025739/YnJhbmQ6T3ppdW0ie"},{"id":null,"name":"Odor Genie","description":null,"type":null,"itemCount":9,"isSelected":null,"baseSeoURL":"/browse/household-essentials/air-fresheners/odor-genie/1115193_1025739/YnJhbmQ6T2RvciiBHZW5pZQieie"},{"id":null,"name":"Fresh Linen","description":null,"type":null,"itemCount":1,"isSelected":null,"baseSeoURL":null},{"id":null,"name":"Kraco","description":null,"type":null,"itemCount":3,"isSelected":null,"baseSeoURL":null},{"id":null,"name":"California Scents","description":null,"type":null,"itemCount":4,"isSelected":null,"baseSeoURL":"/browse/household-essentials/air-fresheners/california-scents/1115193_1025739/YnJhbmQ6Q2FsaWZvcm5pYSBTY2VudHMie"},{"id":null,"name":"Mainstays","description":null,"type":null,"itemCount":12,"isSelected":null,"baseSeoURL":"/browse/household-essentials/air-fresheners/mainstays/1115193_1025739/YnJhbmQ6TWFpbnN0YXlz"},{"id":null,"name":"OdoBan","description":null,"type":null,"itemCount":53,"isSelected":null,"baseSeoURL":"/browse/household-essentials/air-fresheners/odoban/1115193_1025739/YnJhbmQ6T2RvQmFu"},{"id":null,"name":"Pure Citrus","description":null,"type":null,"itemCount":7,"isSelected":null,"baseSeoURL":"/browse/household-essentials/air-fresheners/pure-citrus/1115193_1025739/YnJhbmQ6UHVyZSBDaXRydXMie"},{"id":null,"name":"Merchandise","description":null,"type":null,"itemCount":2,"isSelected":null,"baseSeoURL":null},{"id":null,"name":"Fresh Products","description":null,"type":null,"itemCount":416,"isSelected":null,"baseSeoURL":"/browse/household-essentials/air-fresheners/fresh-products/1115193_1025739/YnJhbmQ6RnJlc2ggUHJvZHVjdHMie"},{"id":null,"name":"BRIGHT Air","description":null,"type":null,"itemCount":251,"isSelected":null,"baseSeoURL":"/browse/household-essentials/air-fresheners/bright-air/1115193_1025739/YnJhbmQ6QlJJR0hUIEFpcgieie"},{"id":null,"name":"Courtneys Candles \u0026 Creations","description":null,"type":null,"itemCount":179,"isSelected":null,"baseSeoURL":"/browse/household-essentials/air-fresheners/courtneys-candles-creations/1115193_1025739/YnJhbmQ6Q291cnRuZXlzIENhbmRsZXMgJiiBDcmVhdGlvbnMie"},{"id":null,"name":"Yankee Candle","description":null,"type":null,"itemCount":164,"isSelected":null,"baseSeoURL":"/browse/household-essentials/air-fresheners/yankee-candle/1115193_1025739/YnJhbmQ6WWFua2VlIENhbmRsZQieie"},{"id":null,"name":"VCS","description":null,"type":null,"itemCount":154,"isSelected":null,"baseSeoURL":"/browse/household-essentials/air-fresheners/vcs/1115193_1025739/YnJhbmQ6VkNT"},{"id":null,"name":"Eclectic Lady","description":null,"type":null,"itemCount":152,"isSelected":null,"baseSeoURL":"/browse/household-essentials/air-fresheners/eclectic-lady/1115193_1025739/YnJhbmQ6RWNsZWN0aWMgTGFkeQieie"},{"id":null,"name":"Citrus Magic","description":null,"type":null,"itemCount":148,"isSelected":null,"baseSeoURL":"/browse/household-essentials/air-fresheners/citrus-magic/1115193_1025739/YnJhbmQ6Q2l0cnVzIE1hZ2lj"},{"id":null,"name":"Mrs. Meyer's Clean Day","description":null,"type":null,"itemCount":144,"isSelected":null,"baseSeoURL":"/browse/household-essentials/air-fresheners/mrs-meyer-s-clean-day/1115193_1025739/YnJhbmQ6TXJzLiiBNZXllciidzIENsZWFuIERheQieie"},{"id":null,"name":"Froggys Fog","description":null,"type":null,"itemCount":116,"isSelected":null,"baseSeoURL":"/browse/household-essentials/air-fresheners/froggys-fog/1115193_1025739/YnJhbmQ6RnJvZ2d5cyBGb2cie"},{"id":null,"name":"Bath \u0026 Body Works","description":null,"type":null,"itemCount":108,"isSelected":null,"baseSeoURL":"/browse/household-essentials/air-fresheners/bath-body-works/1115193_1025739/YnJhbmQ6QmF0aCAmIEJvZHkgV29ya3Mie"},{"id":null,"name":"Chase Products","description":null,"type":null,"itemCount":97,"isSelected":null,"baseSeoURL":"/browse/household-essentials/air-fresheners/chase-products/1115193_1025739/YnJhbmQ6Q2hhc2UgUHJvZHVjdHMie"},{"id":null,"name":"AllTopBargains","description":null,"type":null,"itemCount":92,"isSelected":null,"baseSeoURL":"/browse/household-essentials/air-fresheners/alltopbargains/1115193_1025739/YnJhbmQ6QWxsVG9wQmFyZ2FpbnMie"},{"id":null,"name":"Diversey","description":null,"type":null,"itemCount":91,"isSelected":null,"baseSeoURL":"/browse/household-essentials/air-fresheners/diversey/1115193_1025739/YnJhbmQ6RGl2ZXJzZXkie"},{"id":null,"name":"Virginia Candle Supply","description":null,"type":null,"itemCount":88,"isSelected":null,"baseSeoURL":"/browse/household-essentials/air-fresheners/virginia-candle-supply/1115193_1025739/YnJhbmQ6VmlyZ2luaWEgQ2FuZGxlIFN1cHBseQieie"},{"id":null,"name":"Nilodor","description":null,"type":null,"itemCount":83,"isSelected":null,"baseSeoURL":"/browse/household-essentials/air-fresheners/nilodor/1115193_1025739/YnJhbmQ6Tmlsb2Rvcgieie"},{"id":null,"name":"Big D","description":null,"type":null,"itemCount":79,"isSelected":null,"baseSeoURL":"/browse/household-essentials/air-fresheners/big-d/1115193_1025739/YnJhbmQ6QmlnIEQie"},{"id":null,"name":"Scent Bomb","description":null,"type":null,"itemCount":73,"isSelected":null,"baseSeoURL":"/browse/household-essentials/air-fresheners/scent-bomb/1115193_1025739/YnJhbmQ6U2NlbnQgQm9tYgieie"},{"id":null,"name":"Boardwalk","description":null,"type":null,"itemCount":68,"isSelected":null,"baseSeoURL":"/browse/household-essentials/air-fresheners/boardwalk/1115193_1025739/YnJhbmQ6Qm9hcmR3YWxr"},{"id":null,"name":"TimeMist","description":null,"type":null,"itemCount":65,"isSelected":null,"baseSeoURL":"/browse/household-essentials/air-fresheners/timemist/1115193_1025739/YnJhbmQ6VGltZU1pc3Qie"},{"id":null,"name":"Generic","description":null,"type":null,"itemCount":63,"isSelected":null,"baseSeoURL":"/browse/household-essentials/air-fresheners/generic/1115193_1025739/YnJhbmQ6R2VuZXJpYwieie"},{"id":null,"name":"Motor-1","description":null,"type":null,"itemCount":61,"isSelected":null,"baseSeoURL":"/browse/household-essentials/air-fresheners/motor-1/1115193_1025739/YnJhbmQ6TW90b3ItMQieie"},{"id":null,"name":"OESI","description":null,"type":null,"itemCount":52,"isSelected":null,"baseSeoURL":"/browse/household-essentials/air-fresheners/oesi/1115193_1025739/YnJhbmQ6T0VTSQieie"},{"id":null,"name":"Genuine Joe Solutions","description":null,"type":null,"itemCount":48,"isSelected":null,"baseSeoURL":"/browse/household-essentials/air-fresheners/genuine-joe-solutions/1115193_1025739/YnJhbmQ6R2VudWluZSBKb2UgU29sdXRpb25z"},{"id":null,"name":"Peralng","description":null,"type":null,"itemCount":48,"isSelected":null,"baseSeoURL":"/browse/household-essentials/air-fresheners/peralng/1115193_1025739/YnJhbmQ6UGVyYWxuZwieie"},{"id":null,"name":"Fawcotu","description":null,"type":null,"itemCount":46,"isSelected":null,"baseSeoURL":"/browse/household-essentials/air-fresheners/fawcotu/1115193_1025739/YnJhbmQ6RmF3Y290dQieie"},{"id":null,"name":"Rogers","description":null,"type":null,"itemCount":46,"isSelected":null,"baseSeoURL":"/browse/household-essentials/air-fresheners/rogers/1115193_1025739/YnJhbmQ6Um9nZXJz"},{"id":null,"name":"Nature's Air","description":null,"type":null,"itemCount":44,"isSelected":null,"baseSeoURL":"/browse/household-essentials/air-fresheners/nature-s-air/1115193_1025739/YnJhbmQ6TmF0dXJlJ3MgQWly"},{"id":null,"name":"Xelparuc","description":null,"type":null,"itemCount":44,"isSelected":null,"baseSeoURL":"/browse/household-essentials/air-fresheners/xelparuc/1115193_1025739/YnJhbmQ6WGVscGFydWMie"},{"id":null,"name":"Michel Design Works","description":null,"type":null,"itemCount":43,"isSelected":null,"baseSeoURL":"/browse/household-essentials/air-fresheners/michel-design-works/1115193_1025739/YnJhbmQ6TWljaGVsIERlc2lnbiiBXb3Jrcwieie"},{"id":null,"name":"Yszodd","description":null,"type":null,"itemCount":43,"isSelected":null,"baseSeoURL":"/browse/household-essentials/air-fresheners/yszodd/1115193_1025739/YnJhbmQ6WXN6b2Rk"},{"id":null,"name":"Scent Fill","description":null,"type":null,"itemCount":39,"isSelected":null,"baseSeoURL":"/browse/household-essentials/air-fresheners/scent-fill/1115193_1025739/YnJhbmQ6U2NlbnQgRmlsbAieie"},{"id":null,"name":"Zeeneek","description":null,"type":null,"itemCount":39,"isSelected":null,"baseSeoURL":"/browse/household-essentials/air-fresheners/zeeneek/1115193_1025739/YnJhbmQ6WmVlbmVlawieie"},{"id":null,"name":"SC Johnson","description":null,"type":null,"itemCount":38,"isSelected":null,"baseSeoURL":"/browse/household-essentials/air-fresheners/sc-johnson/1115193_1025739/YnJhbmQ6U0MgSm9obnNvbgieie"},{"id":null,"name":"Brottfor","description":null,"type":null,"itemCount":36,"isSelected":null,"baseSeoURL":"/browse/household-essentials/air-fresheners/brottfor/1115193_1025739/YnJhbmQ6QnJvdHRmb3Iie"},{"id":null,"name":"Carfook","description":null,"type":null,"itemCount":36,"isSelected":null,"baseSeoURL":"/browse/household-essentials/air-fresheners/carfook/1115193_1025739/YnJhbmQ6Q2FyZm9vawieie"},{"id":null,"name":"Fortioo","description":null,"type":null,"itemCount":36,"isSelected":null,"baseSeoURL":"/browse/household-essentials/air-fresheners/fortioo/1115193_1025739/YnJhbmQ6Rm9ydGlvbwieie"},{"id":null,"name":"Just E Joy","description":null,"type":null,"itemCount":36,"isSelected":null,"baseSeoURL":"/browse/household-essentials/air-fresheners/just-e-joy/1115193_1025739/YnJhbmQ6SnVzdCBFIEpveQieie"},{"id":null,"name":"Rubbermaid","description":null,"type":null,"itemCount":35,"isSelected":null,"baseSeoURL":"/browse/household-essentials/air-fresheners/rubbermaid/1115193_1025739/YnJhbmQ6UnViiYmVybWFpZAieie"},{"id":null,"name":"Foeses","description":null,"type":null,"itemCount":34,"isSelected":null,"baseSeoURL":"/browse/household-essentials/air-fresheners/foeses/1115193_1025739/YnJhbmQ6Rm9lc2Vz"},{"id":null,"name":"Namotu","description":null,"type":null,"itemCount":34,"isSelected":null,"baseSeoURL":"/browse/household-essentials/air-fresheners/namotu/1115193_1025739/YnJhbmQ6TmFtb3R1"},{"id":null,"name":"Ranludas","description":null,"type":null,"itemCount":33,"isSelected":null,"baseSeoURL":"/browse/household-essentials/air-fresheners/ranludas/1115193_1025739/YnJhbmQ6UmFubHVkYXMie"},{"id":null,"name":"GLiving","description":null,"type":null,"itemCount":32,"isSelected":null,"baseSeoURL":"/browse/household-essentials/air-fresheners/gliving/1115193_1025739/YnJhbmQ6R0xpdmluZwieie"},{"id":null,"name":"Rikastua","description":null,"type":null,"itemCount":32,"isSelected":null,"baseSeoURL":"/browse/household-essentials/air-fresheners/rikastua/1115193_1025739/YnJhbmQ6UmlrYXN0dWEie"},{"id":null,"name":"Eveline Cosmetics","description":null,"type":null,"itemCount":31,"isSelected":null,"baseSeoURL":"/browse/household-essentials/air-fresheners/eveline-cosmetics/1115193_1025739/YnJhbmQ6RXZlbGluZSBDb3NtZXRpY3Mie"},{"id":null,"name":"Greenleaf","description":null,"type":null,"itemCount":31,"isSelected":null,"baseSeoURL":"/browse/household-essentials/air-fresheners/greenleaf/1115193_1025739/YnJhbmQ6R3JlZW5sZWFm"},{"id":null,"name":"Nafxzy","description":null,"type":null,"itemCount":31,"isSelected":null,"baseSeoURL":"/browse/household-essentials/air-fresheners/nafxzy/1115193_1025739/YnJhbmQ6TmFmeHp5"},{"id":null,"name":"Rubbermaid Commercial Products","description":null,"type":null,"itemCount":31,"isSelected":null,"baseSeoURL":"/browse/household-essentials/air-fresheners/rubbermaid-commercial-products/1115193_1025739/YnJhbmQ6UnViiYmVybWFpZCBDb21tZXJjaWFsIFByb2R1Y3Rz"},{"id":null,"name":"YBENWL","description":null,"type":null,"itemCount":31,"isSelected":null,"baseSeoURL":"/browse/household-essentials/air-fresheners/ybenwl/1115193_1025739/YnJhbmQ6WUJFTldM"},{"id":null,"name":"PIX-LINK","description":null,"type":null,"itemCount":30,"isSelected":null,"baseSeoURL":"/browse/household-essentials/air-fresheners/pix-link/1115193_1025739/YnJhbmQ6UElYLUxJTksie"},{"id":null,"name":"Aprezo","description":null,"type":null,"itemCount":29,"isSelected":null,"baseSeoURL":"/browse/household-essentials/air-fresheners/aprezo/1115193_1025739/YnJhbmQ6QXByZXpv"},{"id":null,"name":"Quintina","description":null,"type":null,"itemCount":29,"isSelected":null,"baseSeoURL":"/browse/household-essentials/air-fresheners/quintina/1115193_1025739/YnJhbmQ6UXVpbnRpbmEie"},{"id":null,"name":"Aromatique","description":null,"type":null,"itemCount":28,"isSelected":null,"baseSeoURL":"/browse/household-essentials/air-fresheners/aromatique/1115193_1025739/YnJhbmQ6QXJvbWF0aXF1ZQieie"},{"id":null,"name":"Blunteffects","description":null,"type":null,"itemCount":28,"isSelected":null,"baseSeoURL":"/browse/household-essentials/air-fresheners/blunteffects/1115193_1025739/YnJhbmQ6Qmx1bnRlZmZlY3Rz"},{"id":null,"name":"Lysol","description":null,"type":null,"itemCount":28,"isSelected":null,"baseSeoURL":"/browse/household-essentials/air-fresheners/lysol/1115193_1025739/YnJhbmQ6THlzb2wie"},{"id":null,"name":"Clean Home","description":null,"type":null,"itemCount":27,"isSelected":null,"baseSeoURL":"/browse/household-essentials/air-fresheners/clean-home/1115193_1025739/YnJhbmQ6Q2xlYW4gSG9tZQieie"},{"id":null,"name":"Peantoia","description":null,"type":null,"itemCount":27,"isSelected":null,"baseSeoURL":"/browse/household-essentials/air-fresheners/peantoia/1115193_1025739/YnJhbmQ6UGVhbnRvaWEie"},{"id":null,"name":"Robot-GxG","description":null,"type":null,"itemCount":27,"isSelected":null,"baseSeoURL":"/browse/household-essentials/air-fresheners/robot-gxg/1115193_1025739/YnJhbmQ6Um9iib3QtR3hH"},{"id":null,"name":"BluntPower","description":null,"type":null,"itemCount":26,"isSelected":null,"baseSeoURL":"/browse/household-essentials/air-fresheners/bluntpower/1115193_1025739/YnJhbmQ6Qmx1bnRQb3dlcgieie"},{"id":null,"name":"Gonzo Natural Magic","description":null,"type":null,"itemCount":26,"isSelected":null,"baseSeoURL":"/browse/household-essentials/air-fresheners/gonzo-natural-magic/1115193_1025739/YnJhbmQ6R29uem8gTmF0dXJhbCBNYWdpYwieie"},{"id":null,"name":"SM SunniMix","description":null,"type":null,"itemCount":26,"isSelected":null,"baseSeoURL":"/browse/household-essentials/air-fresheners/sm-sunnimix/1115193_1025739/YnJhbmQ6U00gU3VubmlNaXgie"},{"id":null,"name":"Beyarina","description":null,"type":null,"itemCount":25,"isSelected":null,"baseSeoURL":"/browse/household-essentials/air-fresheners/beyarina/1115193_1025739/YnJhbmQ6QmV5YXJpbmEie"},{"id":null,"name":"Fresh Wave","description":null,"type":null,"itemCount":25,"isSelected":null,"baseSeoURL":"/browse/household-essentials/air-fresheners/fresh-wave/1115193_1025739/YnJhbmQ6RnJlc2ggV2F2ZQieie"},{"id":null,"name":"MistyMate","description":null,"type":null,"itemCount":25,"isSelected":null,"baseSeoURL":"/browse/household-essentials/air-fresheners/mistymate/1115193_1025739/YnJhbmQ6TWlzdHlNYXRl"},{"id":null,"name":"NoOdor.com","description":null,"type":null,"itemCount":25,"isSelected":null,"baseSeoURL":"/browse/household-essentials/air-fresheners/noodor-com/1115193_1025739/YnJhbmQ6Tm9PZG9yLmNvbQieie"},{"id":null,"name":"Peysaitr","description":null,"type":null,"itemCount":25,"isSelected":null,"baseSeoURL":"/browse/household-essentials/air-fresheners/peysaitr/1115193_1025739/YnJhbmQ6UGV5c2FpdHIie"},{"id":null,"name":"Saikoo","description":null,"type":null,"itemCount":25,"isSelected":null,"baseSeoURL":"/browse/household-essentials/air-fresheners/saikoo/1115193_1025739/YnJhbmQ6U2Fpa29v"},{"id":null,"name":"Unbrand","description":null,"type":null,"itemCount":25,"isSelected":null,"baseSeoURL":"/browse/household-essentials/air-fresheners/unbrand/1115193_1025739/YnJhbmQ6VW5iicmFuZAieie"},{"id":null,"name":"dido","description":null,"type":null,"itemCount":25,"isSelected":null,"baseSeoURL":"/browse/household-essentials/air-fresheners/dido/1115193_1025739/YnJhbmQ6ZGlkbwieie"},{"id":null,"name":"AUPERTO","description":null,"type":null,"itemCount":24,"isSelected":null,"baseSeoURL":"/browse/household-essentials/air-fresheners/auperto/1115193_1025739/YnJhbmQ6QVVQRVJUTwieie"},{"id":null,"name":"Dial","description":null,"type":null,"itemCount":24,"isSelected":null,"baseSeoURL":"/browse/household-essentials/air-fresheners/dial/1115193_1025739/YnJhbmQ6RGlhbAieie"},{"id":null,"name":"Great Scents","description":null,"type":null,"itemCount":24,"isSelected":null,"baseSeoURL":"/browse/household-essentials/air-fresheners/great-scents/1115193_1025739/YnJhbmQ6R3JlYXQgU2NlbnRz"},{"id":null,"name":"Impact","description":null,"type":null,"itemCount":24,"isSelected":null,"baseSeoURL":"/browse/household-essentials/air-fresheners/impact/1115193_1025739/YnJhbmQ6SW1wYWN0"},{"id":null,"name":"Pamolon","description":null,"type":null,"itemCount":24,"isSelected":null,"baseSeoURL":"/browse/household-essentials/air-fresheners/pamolon/1115193_1025739/YnJhbmQ6UGFtb2xvbgieie"},{"id":null,"name":"TANGNADE","description":null,"type":null,"itemCount":24,"isSelected":null,"baseSeoURL":"/browse/household-essentials/air-fresheners/tangnade/1115193_1025739/YnJhbmQ6VEFOR05BREUie"},{"id":null,"name":"Claire Burke","description":null,"type":null,"itemCount":23,"isSelected":null,"baseSeoURL":"/browse/household-essentials/air-fresheners/claire-burke/1115193_1025739/YnJhbmQ6Q2xhaXJlIEJ1cmtl"},{"id":null,"name":"QuestVapco","description":null,"type":null,"itemCount":23,"isSelected":null,"baseSeoURL":"/browse/household-essentials/air-fresheners/questvapco/1115193_1025739/YnJhbmQ6UXVlc3RWYXBjbwieie"},{"id":null,"name":"Famure","description":null,"type":null,"itemCount":22,"isSelected":null,"baseSeoURL":"/browse/household-essentials/air-fresheners/famure/1115193_1025739/YnJhbmQ6RmFtdXJl"},{"id":null,"name":"Carpet Fresh","description":null,"type":null,"itemCount":21,"isSelected":null,"baseSeoURL":"/browse/household-essentials/air-fresheners/carpet-fresh/1115193_1025739/YnJhbmQ6Q2FycGV0IEZyZXNo"},{"id":null,"name":"Linyer","description":null,"type":null,"itemCount":21,"isSelected":null,"baseSeoURL":"/browse/household-essentials/air-fresheners/linyer/1115193_1025739/YnJhbmQ6TGlueWVy"},{"id":null,"name":"Shamjina","description":null,"type":null,"itemCount":21,"isSelected":null,"baseSeoURL":"/browse/household-essentials/air-fresheners/shamjina/1115193_1025739/YnJhbmQ6U2hhbWppbmEie"},{"id":null,"name":"Expressive Scent","description":null,"type":null,"itemCount":20,"isSelected":null,"baseSeoURL":"/browse/household-essentials/air-fresheners/expressive-scent/1115193_1025739/YnJhbmQ6RXhwcmVzc2l2ZSBTY2VudAieie"},{"id":null,"name":"Freshino Air","description":null,"type":null,"itemCount":20,"isSelected":null,"baseSeoURL":"/browse/household-essentials/air-fresheners/freshino-air/1115193_1025739/YnJhbmQ6RnJlc2hpbm8gQWly"},{"id":null,"name":"Mels Candles \u0026 More","description":null,"type":null,"itemCount":20,"isSelected":null,"baseSeoURL":"/browse/household-essentials/air-fresheners/mels-candles-more/1115193_1025739/YnJhbmQ6TWVscyBDYW5kbGVzICYgTW9yZQieie"},{"id":null,"name":"Tongina","description":null,"type":null,"itemCount":20,"isSelected":null,"baseSeoURL":"/browse/household-essentials/air-fresheners/tongina/1115193_1025739/YnJhbmQ6VG9uZ2luYQieie"},{"id":null,"name":"Tough Guy","description":null,"type":null,"itemCount":20,"isSelected":null,"baseSeoURL":"/browse/household-essentials/air-fresheners/tough-guy/1115193_1025739/YnJhbmQ6VG91Z2ggR3V5"},{"id":null,"name":"HGYCPP","description":null,"type":null,"itemCount":19,"isSelected":null,"baseSeoURL":"/browse/household-essentials/air-fresheners/hgycpp/1115193_1025739/YnJhbmQ6SEdZQ1BQ"},{"id":null,"name":"Odor Assassin","description":null,"type":null,"itemCount":19,"isSelected":null,"baseSeoURL":"/browse/household-essentials/air-fresheners/odor-assassin/1115193_1025739/YnJhbmQ6T2RvciiBBc3Nhc3Npbgieie"},{"id":null,"name":"Pakainn","description":null,"type":null,"itemCount":19,"isSelected":null,"baseSeoURL":"/browse/household-essentials/air-fresheners/pakainn/1115193_1025739/YnJhbmQ6UGFrYWlubgieie"},{"id":null,"name":"SPHET","description":null,"type":null,"itemCount":19,"isSelected":null,"baseSeoURL":"/browse/household-essentials/air-fresheners/sphet/1115193_1025739/YnJhbmQ6U1BIRVQie"},{"id":null,"name":"Special Blue","description":null,"type":null,"itemCount":19,"isSelected":null,"baseSeoURL":"/browse/household-essentials/air-fresheners/special-blue/1115193_1025739/YnJhbmQ6U3BlY2lhbCBCbHVl"},{"id":null,"name":"TOP Dream Furniture LLC","description":null,"type":null,"itemCount":19,"isSelected":null,"baseSeoURL":"/browse/household-essentials/air-fresheners/top-dream-furniture-llc/1115193_1025739/YnJhbmQ6VE9QIERyZWFtIEZ1cm5pdHVyZSBMTEMie"},{"id":null,"name":"FLP","description":null,"type":null,"itemCount":18,"isSelected":null,"baseSeoURL":"/browse/household-essentials/air-fresheners/flp/1115193_1025739/YnJhbmQ6RkxQ"},{"id":null,"name":"Smileol","description":null,"type":null,"itemCount":18,"isSelected":null,"baseSeoURL":"/browse/household-essentials/air-fresheners/smileol/1115193_1025739/YnJhbmQ6U21pbGVvbAieie"},{"id":null,"name":"Cusimax","description":null,"type":null,"itemCount":17,"isSelected":null,"baseSeoURL":"/browse/household-essentials/air-fresheners/cusimax/1115193_1025739/YnJhbmQ6Q3VzaW1heAieie"},{"id":null,"name":"Jooan","description":null,"type":null,"itemCount":17,"isSelected":null,"baseSeoURL":"/browse/household-essentials/air-fresheners/jooan/1115193_1025739/YnJhbmQ6Sm9vYW4ie"},{"id":null,"name":"Lifcasual","description":null,"type":null,"itemCount":17,"isSelected":null,"baseSeoURL":"/browse/household-essentials/air-fresheners/lifcasual/1115193_1025739/YnJhbmQ6TGlmY2FzdWFs"},{"id":null,"name":"Mega Wheels","description":null,"type":null,"itemCount":17,"isSelected":null,"baseSeoURL":"/browse/household-essentials/air-fresheners/mega-wheels/1115193_1025739/YnJhbmQ6TWVnYSBXaGVlbHMie"},{"id":null,"name":"Procter \u0026 Gamble","description":null,"type":null,"itemCount":17,"isSelected":null,"baseSeoURL":"/browse/household-essentials/air-fresheners/procter-gamble/1115193_1025739/YnJhbmQ6UHJvY3RlciiAmIEdhbWJsZQieie"},{"id":null,"name":"ALEXTREME","description":null,"type":null,"itemCount":16,"isSelected":null,"baseSeoURL":"/browse/household-essentials/air-fresheners/alextreme/1115193_1025739/YnJhbmQ6QUxFWFRSRU1F"},{"id":null,"name":"Atralife","description":null,"type":null,"itemCount":16,"isSelected":null,"baseSeoURL":"/browse/household-essentials/air-fresheners/atralife/1115193_1025739/YnJhbmQ6QXRyYWxpZmUie"},{"id":null,"name":"CWI Gifts","description":null,"type":null,"itemCount":16,"isSelected":null,"baseSeoURL":"/browse/household-essentials/air-fresheners/cwi-gifts/1115193_1025739/YnJhbmQ6Q1dJIEdpZnRz"},{"id":null,"name":"Country Vet","description":null,"type":null,"itemCount":16,"isSelected":null,"baseSeoURL":"/browse/household-essentials/air-fresheners/country-vet/1115193_1025739/YnJhbmQ6Q291bnRyeSBWZXQie"},{"id":null,"name":"Flower Essence","description":null,"type":null,"itemCount":16,"isSelected":null,"baseSeoURL":"/browse/household-essentials/air-fresheners/flower-essence/1115193_1025739/YnJhbmQ6Rmxvd2VyIEVzc2VuY2Uie"},{"id":null,"name":"La Tee Da","description":null,"type":null,"itemCount":16,"isSelected":null,"baseSeoURL":"/browse/household-essentials/air-fresheners/la-tee-da/1115193_1025739/YnJhbmQ6TGEgVGVlIERh"},{"id":null,"name":"Nabeel Perfumes","description":null,"type":null,"itemCount":16,"isSelected":null,"baseSeoURL":"/browse/household-essentials/air-fresheners/nabeel-perfumes/1115193_1025739/YnJhbmQ6TmFiiZWVsIFBlcmZ1bWVz"},{"id":null,"name":"Octpeak","description":null,"type":null,"itemCount":16,"isSelected":null,"baseSeoURL":"/browse/household-essentials/air-fresheners/octpeak/1115193_1025739/YnJhbmQ6T2N0cGVhawieie"},{"id":null,"name":"WD-40","description":null,"type":null,"itemCount":16,"isSelected":null,"baseSeoURL":"/browse/household-essentials/air-fresheners/wd-40/1115193_1025739/YnJhbmQ6V0QtNDAie"},{"id":null,"name":"ZUARFY","description":null,"type":null,"itemCount":16,"isSelected":null,"baseSeoURL":"/browse/household-essentials/air-fresheners/zuarfy/1115193_1025739/YnJhbmQ6WlVBUkZZ"},{"id":null,"name":"Zep","description":null,"type":null,"itemCount":16,"isSelected":null,"baseSeoURL":"/browse/household-essentials/air-fresheners/zep/1115193_1025739/YnJhbmQ6WmVw"},{"id":null,"name":"AILAAH","description":null,"type":null,"itemCount":15,"isSelected":null,"baseSeoURL":"/browse/household-essentials/air-fresheners/ailaah/1115193_1025739/YnJhbmQ6QUlMQUFI"},{"id":null,"name":"Brandslc","description":null,"type":null,"itemCount":15,"isSelected":null,"baseSeoURL":"/browse/household-essentials/air-fresheners/brandslc/1115193_1025739/YnJhbmQ6QnJhbmRzbGMie"},{"id":null,"name":"Cranberry Creek","description":null,"type":null,"itemCount":15,"isSelected":null,"baseSeoURL":"/browse/household-essentials/air-fresheners/cranberry-creek/1115193_1025739/YnJhbmQ6Q3JhbmJlcnJ5IENyZWVr"},{"id":null,"name":"EBTOOLS","description":null,"type":null,"itemCount":15,"isSelected":null,"baseSeoURL":"/browse/household-essentials/air-fresheners/ebtools/1115193_1025739/YnJhbmQ6RUJUT09MUwieie"},{"id":null,"name":"Eston","description":null,"type":null,"itemCount":15,"isSelected":null,"baseSeoURL":"/browse/household-essentials/air-fresheners/eston/1115193_1025739/YnJhbmQ6RXN0b24ie"},{"id":null,"name":"Flameer","description":null,"type":null,"itemCount":15,"isSelected":null,"baseSeoURL":"/browse/household-essentials/air-fresheners/flameer/1115193_1025739/YnJhbmQ6RmxhbWVlcgieie"},{"id":null,"name":"Frida","description":null,"type":null,"itemCount":15,"isSelected":null,"baseSeoURL":"/browse/household-essentials/air-fresheners/frida/1115193_1025739/YnJhbmQ6RnJpZGEie"},{"id":null,"name":"LATTAFA","description":null,"type":null,"itemCount":15,"isSelected":null,"baseSeoURL":"/browse/household-essentials/air-fresheners/lattafa/1115193_1025739/YnJhbmQ6TEFUVEFGQQieie"},{"id":null,"name":"menolana","description":null,"type":null,"itemCount":15,"isSelected":null,"baseSeoURL":"/browse/household-essentials/air-fresheners/menolana/1115193_1025739/YnJhbmQ6bWVub2xhbmEie"},{"id":null,"name":"ATB","description":null,"type":null,"itemCount":14,"isSelected":null,"baseSeoURL":"/browse/household-essentials/air-fresheners/atb/1115193_1025739/YnJhbmQ6QVRC"},{"id":null,"name":"Ankishi","description":null,"type":null,"itemCount":14,"isSelected":null,"baseSeoURL":"/browse/household-essentials/air-fresheners/ankishi/1115193_1025739/YnJhbmQ6QW5raXNoaQieie"},{"id":null,"name":"Beaumont Products","description":null,"type":null,"itemCount":14,"isSelected":null,"baseSeoURL":"/browse/household-essentials/air-fresheners/beaumont-products/1115193_1025739/YnJhbmQ6QmVhdW1vbnQgUHJvZHVjdHMie"},{"id":null,"name":"Better Homes \u0026 Gardens","description":null,"type":null,"itemCount":14,"isSelected":null,"baseSeoURL":"/browse/household-essentials/air-fresheners/better-homes-gardens/1115193_1025739/YnJhbmQ6QmV0dGVyIEhvbWVzICYgR2FyZGVucwieie"},{"id":null,"name":"Crossroads Original Designs","description":null,"type":null,"itemCount":14,"isSelected":null,"baseSeoURL":"/browse/household-essentials/air-fresheners/crossroads-original-designs/1115193_1025739/YnJhbmQ6Q3Jvc3Nyb2FkcyBPcmlnaW5hbCBEZXNpZ25z"},{"id":null,"name":"Dymon","description":null,"type":null,"itemCount":14,"isSelected":null,"baseSeoURL":"/browse/household-essentials/air-fresheners/dymon/1115193_1025739/YnJhbmQ6RHltb24ie"},{"id":null,"name":"EOTIA","description":null,"type":null,"itemCount":14,"isSelected":null,"baseSeoURL":"/browse/household-essentials/air-fresheners/eotia/1115193_1025739/YnJhbmQ6RU9USUEie"},{"id":null,"name":"Eccomum","description":null,"type":null,"itemCount":14,"isSelected":null,"baseSeoURL":"/browse/household-essentials/air-fresheners/eccomum/1115193_1025739/YnJhbmQ6RWNjb211bQieie"},{"id":null,"name":"Hollister","description":null,"type":null,"itemCount":14,"isSelected":null,"baseSeoURL":"/browse/household-essentials/air-fresheners/hollister/1115193_1025739/YnJhbmQ6SG9sbGlzdGVy"},{"id":null,"name":"Hospeco","description":null,"type":null,"itemCount":14,"isSelected":null,"baseSeoURL":"/browse/household-essentials/air-fresheners/hospeco/1115193_1025739/YnJhbmQ6SG9zcGVjbwieie"},{"id":null,"name":"Impact Products","description":null,"type":null,"itemCount":14,"isSelected":null,"baseSeoURL":"/browse/household-essentials/air-fresheners/impact-products/1115193_1025739/YnJhbmQ6SW1wYWN0IFByb2R1Y3Rz"},{"id":null,"name":"Iycorish","description":null,"type":null,"itemCount":14,"isSelected":null,"baseSeoURL":"/browse/household-essentials/air-fresheners/iycorish/1115193_1025739/YnJhbmQ6SXljb3Jpc2gie"},{"id":null,"name":"Magideal","description":null,"type":null,"itemCount":14,"isSelected":null,"baseSeoURL":"/browse/household-essentials/air-fresheners/magideal/1115193_1025739/YnJhbmQ6TWFnaWRlYWwie"},{"id":null,"name":"PYLTT","description":null,"type":null,"itemCount":14,"isSelected":null,"baseSeoURL":"/browse/household-essentials/air-fresheners/pyltt/1115193_1025739/YnJhbmQ6UFlMVFQie"},{"id":null,"name":"Scott","description":null,"type":null,"itemCount":14,"isSelected":null,"baseSeoURL":"/browse/household-essentials/air-fresheners/scott/1115193_1025739/YnJhbmQ6U2NvdHQie"},{"id":null,"name":"TOYFUNNY","description":null,"type":null,"itemCount":14,"isSelected":null,"baseSeoURL":"/browse/household-essentials/air-fresheners/toyfunny/1115193_1025739/YnJhbmQ6VE9ZRlVOTlkie"},{"id":null,"name":"Yawots","description":null,"type":null,"itemCount":14,"isSelected":null,"baseSeoURL":"/browse/household-essentials/air-fresheners/yawots/1115193_1025739/YnJhbmQ6WWF3b3Rz"},{"id":null,"name":"ActiveAire","description":null,"type":null,"itemCount":13,"isSelected":null,"baseSeoURL":"/browse/household-essentials/air-fresheners/activeaire/1115193_1025739/YnJhbmQ6QWN0aXZlQWlyZQieie"},{"id":null,"name":"Anself","description":null,"type":null,"itemCount":13,"isSelected":null,"baseSeoURL":"/browse/household-essentials/air-fresheners/anself/1115193_1025739/YnJhbmQ6QW5zZWxm"},{"id":null,"name":"Brrnoo","description":null,"type":null,"itemCount":13,"isSelected":null,"baseSeoURL":"/browse/household-essentials/air-fresheners/brrnoo/1115193_1025739/YnJhbmQ6QnJybm9v"},{"id":null,"name":"CHICIRIS","description":null,"type":null,"itemCount":13,"isSelected":null,"baseSeoURL":"/browse/household-essentials/air-fresheners/chiciris/1115193_1025739/YnJhbmQ6Q0hJQ0lSSVMie"},{"id":null,"name":"FREESTYLE NOK","description":null,"type":null,"itemCount":13,"isSelected":null,"baseSeoURL":"/browse/household-essentials/air-fresheners/freestyle-nok/1115193_1025739/YnJhbmQ6RlJFRVNUWUxFIE5PSwieie"},{"id":null,"name":"Illume","description":null,"type":null,"itemCount":13,"isSelected":null,"baseSeoURL":"/browse/household-essentials/air-fresheners/illume/1115193_1025739/YnJhbmQ6SWxsdW1l"},{"id":null,"name":"YBENY","description":null,"type":null,"itemCount":13,"isSelected":null,"baseSeoURL":"/browse/household-essentials/air-fresheners/ybeny/1115193_1025739/YnJhbmQ6WUJFTlkie"},{"id":null,"name":"YEUHTLL","description":null,"type":null,"itemCount":13,"isSelected":null,"baseSeoURL":"/browse/household-essentials/air-fresheners/yeuhtll/1115193_1025739/YnJhbmQ6WUVVSFRMTAieie"},{"id":null,"name":"Younar","description":null,"type":null,"itemCount":13,"isSelected":null,"baseSeoURL":"/browse/household-essentials/air-fresheners/younar/1115193_1025739/YnJhbmQ6WW91bmFy"},{"id":null,"name":"perfk","description":null,"type":null,"itemCount":13,"isSelected":null,"baseSeoURL":"/browse/household-essentials/air-fresheners/perfk/1115193_1025739/YnJhbmQ6cGVyZmsie"},{"id":null,"name":"Acouto","description":null,"type":null,"itemCount":12,"isSelected":null,"baseSeoURL":"/browse/household-essentials/air-fresheners/acouto/1115193_1025739/YnJhbmQ6QWNvdXRv"},{"id":null,"name":"Baoblaze","description":null,"type":null,"itemCount":12,"isSelected":null,"baseSeoURL":"/browse/household-essentials/air-fresheners/baoblaze/1115193_1025739/YnJhbmQ6QmFvYmxhemUie"},{"id":null,"name":"Canker","description":null,"type":null,"itemCount":12,"isSelected":null,"baseSeoURL":"/browse/household-essentials/air-fresheners/canker/1115193_1025739/YnJhbmQ6Q2Fua2Vy"},{"id":null,"name":"Clorox","description":null,"type":null,"itemCount":12,"isSelected":null,"baseSeoURL":"/browse/household-essentials/air-fresheners/clorox/1115193_1025739/YnJhbmQ6Q2xvcm94"},{"id":null,"name":"Dido","description":null,"type":null,"itemCount":12,"isSelected":null,"baseSeoURL":"/browse/household-essentials/air-fresheners/dido/1115193_1025739/YnJhbmQ6RGlkbwieie"},{"id":null,"name":"Hi.Fancy","description":null,"type":null,"itemCount":12,"isSelected":null,"baseSeoURL":"/browse/household-essentials/air-fresheners/hi-fancy/1115193_1025739/YnJhbmQ6SGkuRmFuY3kie"},{"id":null,"name":"Medi Aire","description":null,"type":null,"itemCount":12,"isSelected":null,"baseSeoURL":"/browse/household-essentials/air-fresheners/medi-aire/1115193_1025739/YnJhbmQ6TWVkaSBBaXJl"},{"id":null,"name":"Randolph","description":null,"type":null,"itemCount":12,"isSelected":null,"baseSeoURL":"/browse/household-essentials/air-fresheners/randolph/1115193_1025739/YnJhbmQ6UmFuZG9scGgie"},{"id":null,"name":"SMELLS BEGONE","description":null,"type":null,"itemCount":12,"isSelected":null,"baseSeoURL":"/browse/household-essentials/air-fresheners/smells-begone/1115193_1025739/YnJhbmQ6U01FTExTIEJFR09ORQieie"},{"id":null,"name":"Topboutique","description":null,"type":null,"itemCount":12,"isSelected":null,"baseSeoURL":"/browse/household-essentials/air-fresheners/topboutique/1115193_1025739/YnJhbmQ6VG9wYm91dGlxdWUie"},{"id":null,"name":"Tuscom","description":null,"type":null,"itemCount":12,"isSelected":null,"baseSeoURL":"/browse/household-essentials/air-fresheners/tuscom/1115193_1025739/YnJhbmQ6VHVzY29t"},{"id":null,"name":"Vectair","description":null,"type":null,"itemCount":12,"isSelected":null,"baseSeoURL":"/browse/household-essentials/air-fresheners/vectair/1115193_1025739/YnJhbmQ6VmVjdGFpcgieie"},{"id":null,"name":"Worallymy","description":null,"type":null,"itemCount":12,"isSelected":null,"baseSeoURL":"/browse/household-essentials/air-fresheners/worallymy/1115193_1025739/YnJhbmQ6V29yYWxseW15"},{"id":null,"name":"Zero Odor","description":null,"type":null,"itemCount":12,"isSelected":null,"baseSeoURL":"/browse/household-essentials/air-fresheners/zero-odor/1115193_1025739/YnJhbmQ6WmVybyBPZG9y"},{"id":null,"name":"Air Freshener","description":null,"type":null,"itemCount":11,"isSelected":null,"baseSeoURL":"/browse/household-essentials/air-fresheners/air-freshener/1115193_1025739/YnJhbmQ6QWlyIEZyZXNoZW5lcgieie"},{"id":null,"name":"Caldrea","description":null,"type":null,"itemCount":11,"isSelected":null,"baseSeoURL":"/browse/household-essentials/air-fresheners/caldrea/1115193_1025739/YnJhbmQ6Q2FsZHJlYQieie"},{"id":null,"name":"Coco by Stone","description":null,"type":null,"itemCount":11,"isSelected":null,"baseSeoURL":"/browse/household-essentials/air-fresheners/coco-by-stone/1115193_1025739/YnJhbmQ6Q29jbyBiieSBTdG9uZQieie"},{"id":null,"name":"DALX","description":null,"type":null,"itemCount":11,"isSelected":null,"baseSeoURL":"/browse/household-essentials/air-fresheners/dalx/1115193_1025739/YnJhbmQ6REFMWAieie"},{"id":null,"name":"Enviroscent","description":null,"type":null,"itemCount":11,"isSelected":null,"baseSeoURL":"/browse/household-essentials/air-fresheners/enviroscent/1115193_1025739/YnJhbmQ6RW52aXJvc2NlbnQie"},{"id":null,"name":"Estink","description":null,"type":null,"itemCount":11,"isSelected":null,"baseSeoURL":"/browse/household-essentials/air-fresheners/estink/1115193_1025739/YnJhbmQ6RXN0aW5r"},{"id":null,"name":"Ladychenile","description":null,"type":null,"itemCount":11,"isSelected":null,"baseSeoURL":"/browse/household-essentials/air-fresheners/ladychenile/1115193_1025739/YnJhbmQ6TGFkeWNoZW5pbGUie"},{"id":null,"name":"MIARHB","description":null,"type":null,"itemCount":11,"isSelected":null,"baseSeoURL":"/browse/household-essentials/air-fresheners/miarhb/1115193_1025739/YnJhbmQ6TUlBUkhC"},{"id":null,"name":"MODERN HOMEZIE","description":null,"type":null,"itemCount":11,"isSelected":null,"baseSeoURL":"/browse/household-essentials/air-fresheners/modern-homezie/1115193_1025739/YnJhbmQ6TU9ERVJOIEhPTUVaSUUie"},{"id":null,"name":"Mewmewcat","description":null,"type":null,"itemCount":11,"isSelected":null,"baseSeoURL":"/browse/household-essentials/air-fresheners/mewmewcat/1115193_1025739/YnJhbmQ6TWV3bWV3Y2F0"},{"id":null,"name":"STAGA","description":null,"type":null,"itemCount":11,"isSelected":null,"baseSeoURL":"/browse/household-essentials/air-fresheners/staga/1115193_1025739/YnJhbmQ6U1RBR0Eie"},{"id":null,"name":"Stand Around Creations","description":null,"type":null,"itemCount":11,"isSelected":null,"baseSeoURL":"/browse/household-essentials/air-fresheners/stand-around-creations/1115193_1025739/YnJhbmQ6U3RhbmQgQXJvdW5kIENyZWF0aW9ucwieie"},{"id":null,"name":"TOMSHOO","description":null,"type":null,"itemCount":11,"isSelected":null,"baseSeoURL":"/browse/household-essentials/air-fresheners/tomshoo/1115193_1025739/YnJhbmQ6VE9NU0hPTwieie"},{"id":null,"name":"Tebru","description":null,"type":null,"itemCount":11,"isSelected":null,"baseSeoURL":"/browse/household-essentials/air-fresheners/tebru/1115193_1025739/YnJhbmQ6VGViicnUie"},{"id":null,"name":"Thymes","description":null,"type":null,"itemCount":11,"isSelected":null,"baseSeoURL":"/browse/household-essentials/air-fresheners/thymes/1115193_1025739/YnJhbmQ6VGh5bWVz"},{"id":null,"name":"Whiff Out","description":null,"type":null,"itemCount":11,"isSelected":null,"baseSeoURL":"/browse/household-essentials/air-fresheners/whiff-out/1115193_1025739/YnJhbmQ6V2hpZmYgT3V0"},{"id":null,"name":"Yohome","description":null,"type":null,"itemCount":11,"isSelected":null,"baseSeoURL":"/browse/household-essentials/air-fresheners/yohome/1115193_1025739/YnJhbmQ6WW9ob21l"},{"id":null,"name":"Zerodis","description":null,"type":null,"itemCount":11,"isSelected":null,"baseSeoURL":"/browse/household-essentials/air-fresheners/zerodis/1115193_1025739/YnJhbmQ6WmVyb2Rpcwieie"},{"id":null,"name":"duixinghas","description":null,"type":null,"itemCount":11,"isSelected":null,"baseSeoURL":"/browse/household-essentials/air-fresheners/duixinghas/1115193_1025739/YnJhbmQ6ZHVpeGluZ2hhcwieie"},{"id":null,"name":"Ametoys","description":null,"type":null,"itemCount":10,"isSelected":null,"baseSeoURL":"/browse/household-essentials/air-fresheners/ametoys/1115193_1025739/YnJhbmQ6QW1ldG95cwieie"},{"id":null,"name":"Carevas","description":null,"type":null,"itemCount":10,"isSelected":null,"baseSeoURL":"/browse/household-essentials/air-fresheners/carevas/1115193_1025739/YnJhbmQ6Q2FyZXZhcwieie"},{"id":null,"name":"CuiYou","description":null,"type":null,"itemCount":10,"isSelected":null,"baseSeoURL":"/browse/household-essentials/air-fresheners/cuiyou/1115193_1025739/YnJhbmQ6Q3VpWW91"},{"id":null,"name":"DTOWER","description":null,"type":null,"itemCount":10,"isSelected":null,"baseSeoURL":"/browse/household-essentials/air-fresheners/dtower/1115193_1025739/YnJhbmQ6RFRPV0VS"},{"id":null,"name":"Eastjing","description":null,"type":null,"itemCount":10,"isSelected":null,"baseSeoURL":"/browse/household-essentials/air-fresheners/eastjing/1115193_1025739/YnJhbmQ6RWFzdGppbmcie"},{"id":null,"name":"FreshwaveIaq","description":null,"type":null,"itemCount":10,"isSelected":null,"baseSeoURL":"/browse/household-essentials/air-fresheners/freshwaveiaq/1115193_1025739/YnJhbmQ6RnJlc2h3YXZlSWFx"},{"id":null,"name":"Huntermoon","description":null,"type":null,"itemCount":10,"isSelected":null,"baseSeoURL":"/browse/household-essentials/air-fresheners/huntermoon/1115193_1025739/YnJhbmQ6SHVudGVybW9vbgieie"},{"id":null,"name":"LYUMO","description":null,"type":null,"itemCount":10,"isSelected":null,"baseSeoURL":"/browse/household-essentials/air-fresheners/lyumo/1115193_1025739/YnJhbmQ6TFlVTU8ie"},{"id":null,"name":"M9","description":null,"type":null,"itemCount":10,"isSelected":null,"baseSeoURL":"/browse/household-essentials/air-fresheners/m9/1115193_1025739/YnJhbmQ6TTkie"},{"id":null,"name":"Ounabing","description":null,"type":null,"itemCount":10,"isSelected":null,"baseSeoURL":"/browse/household-essentials/air-fresheners/ounabing/1115193_1025739/YnJhbmQ6T3VuYWJpbmcie"},{"id":null,"name":"PureGuardian","description":null,"type":null,"itemCount":10,"isSelected":null,"baseSeoURL":"/browse/household-essentials/air-fresheners/pureguardian/1115193_1025739/YnJhbmQ6UHVyZUd1YXJkaWFu"},{"id":null,"name":"Tyler Candle","description":null,"type":null,"itemCount":10,"isSelected":null,"baseSeoURL":"/browse/household-essentials/air-fresheners/tyler-candle/1115193_1025739/YnJhbmQ6VHlsZXIgQ2FuZGxl"},{"id":null,"name":"Unitex","description":null,"type":null,"itemCount":10,"isSelected":null,"baseSeoURL":"/browse/household-essentials/air-fresheners/unitex/1115193_1025739/YnJhbmQ6VW5pdGV4"},{"id":null,"name":"VIOIS","description":null,"type":null,"itemCount":10,"isSelected":null,"baseSeoURL":"/browse/household-essentials/air-fresheners/viois/1115193_1025739/YnJhbmQ6VklPSVMie"},{"id":null,"name":"Assortit","description":null,"type":null,"itemCount":9,"isSelected":null,"baseSeoURL":"/browse/household-essentials/air-fresheners/assortit/1115193_1025739/YnJhbmQ6QXNzb3J0aXQie"},{"id":null,"name":"BINYOU","description":null,"type":null,"itemCount":9,"isSelected":null,"baseSeoURL":"/browse/household-essentials/air-fresheners/binyou/1115193_1025739/YnJhbmQ6QklOWU9V"},{"id":null,"name":"Discount.Home","description":null,"type":null,"itemCount":9,"isSelected":null,"baseSeoURL":"/browse/household-essentials/air-fresheners/discount-home/1115193_1025739/YnJhbmQ6RGlzY291bnQuSG9tZQieie"},{"id":null,"name":"F-MATIC","description":null,"type":null,"itemCount":9,"isSelected":null,"baseSeoURL":"/browse/household-essentials/air-fresheners/f-matic/1115193_1025739/YnJhbmQ6Rii1NQVRJQwieie"},{"id":null,"name":"GENEMA","description":null,"type":null,"itemCount":9,"isSelected":null,"baseSeoURL":"/browse/household-essentials/air-fresheners/genema/1115193_1025739/YnJhbmQ6R0VORU1B"},{"id":null,"name":"HAMIDI","description":null,"type":null,"itemCount":9,"isSelected":null,"baseSeoURL":"/browse/household-essentials/air-fresheners/hamidi/1115193_1025739/YnJhbmQ6SEFNSURJ"},{"id":null,"name":"Haofy","description":null,"type":null,"itemCount":9,"isSelected":null,"baseSeoURL":"/browse/household-essentials/air-fresheners/haofy/1115193_1025739/YnJhbmQ6SGFvZnkie"},{"id":null,"name":"Jenray","description":null,"type":null,"itemCount":9,"isSelected":null,"baseSeoURL":"/browse/household-essentials/air-fresheners/jenray/1115193_1025739/YnJhbmQ6SmVucmF5"},{"id":null,"name":"K29 ScentStone","description":null,"type":null,"itemCount":9,"isSelected":null,"baseSeoURL":"/browse/household-essentials/air-fresheners/k29-scentstone/1115193_1025739/YnJhbmQ6SzI5IFNjZW50U3RvbmUie"},{"id":null,"name":"Kimberly-Clark","description":null,"type":null,"itemCount":9,"isSelected":null,"baseSeoURL":"/browse/household-essentials/air-fresheners/kimberly-clark/1115193_1025739/YnJhbmQ6S2ltYmVybHktQ2xhcmsie"},{"id":null,"name":"Moso Natural","description":null,"type":null,"itemCount":9,"isSelected":null,"baseSeoURL":"/browse/household-essentials/air-fresheners/moso-natural/1115193_1025739/YnJhbmQ6TW9zbyBOYXR1cmFs"},{"id":null,"name":"Sure Scents","description":null,"type":null,"itemCount":9,"isSelected":null,"baseSeoURL":"/browse/household-essentials/air-fresheners/sure-scents/1115193_1025739/YnJhbmQ6U3VyZSBTY2VudHMie"},{"id":null,"name":"TVP","description":null,"type":null,"itemCount":9,"isSelected":null,"baseSeoURL":"/browse/household-essentials/air-fresheners/tvp/1115193_1025739/YnJhbmQ6VFZQ"},{"id":null,"name":"WM Barr","description":null,"type":null,"itemCount":9,"isSelected":null,"baseSeoURL":"/browse/household-essentials/air-fresheners/wm-barr/1115193_1025739/YnJhbmQ6V00gQmFycgieie"},{"id":null,"name":"Wonderful","description":null,"type":null,"itemCount":9,"isSelected":null,"baseSeoURL":"/browse/household-essentials/air-fresheners/wonderful/1115193_1025739/YnJhbmQ6V29uZGVyZnVs"},{"id":null,"name":"unbrand","description":null,"type":null,"itemCount":9,"isSelected":null,"baseSeoURL":"/browse/household-essentials/air-fresheners/unbrand/1115193_1025739/YnJhbmQ6dW5iicmFuZAieie"},{"id":null,"name":"Antica Farmacista","description":null,"type":null,"itemCount":8,"isSelected":null,"baseSeoURL":"/browse/household-essentials/air-fresheners/antica-farmacista/1115193_1025739/YnJhbmQ6QW50aWNhIEZhcm1hY2lzdGEie"},{"id":null,"name":"Belleviee","description":null,"type":null,"itemCount":8,"isSelected":null,"baseSeoURL":"/browse/household-essentials/air-fresheners/belleviee/1115193_1025739/YnJhbmQ6QmVsbGV2aWVl"},{"id":null,"name":"Biokleen","description":null,"type":null,"itemCount":8,"isSelected":null,"baseSeoURL":"/browse/household-essentials/air-fresheners/biokleen/1115193_1025739/YnJhbmQ6Qmlva2xlZW4ie"},{"id":null,"name":"Cosmo","description":null,"type":null,"itemCount":8,"isSelected":null,"baseSeoURL":"/browse/household-essentials/air-fresheners/cosmo/1115193_1025739/YnJhbmQ6Q29zbW8ie"},{"id":null,"name":"Delta Brands","description":null,"type":null,"itemCount":8,"isSelected":null,"baseSeoURL":"/browse/household-essentials/air-fresheners/delta-brands/1115193_1025739/YnJhbmQ6RGVsdGEgQnJhbmRz"},{"id":null,"name":"Domora","description":null,"type":null,"itemCount":8,"isSelected":null,"baseSeoURL":"/browse/household-essentials/air-fresheners/domora/1115193_1025739/YnJhbmQ6RG9tb3Jh"},{"id":null,"name":"FAGINEY","description":null,"type":null,"itemCount":8,"isSelected":null,"baseSeoURL":"/browse/household-essentials/air-fresheners/faginey/1115193_1025739/YnJhbmQ6RkFHSU5FWQieie"},{"id":null,"name":"Fly Sunton","description":null,"type":null,"itemCount":8,"isSelected":null,"baseSeoURL":"/browse/household-essentials/air-fresheners/fly-sunton/1115193_1025739/YnJhbmQ6Rmx5IFN1bnRvbgieie"},{"id":null,"name":"Follure Clothing","description":null,"type":null,"itemCount":8,"isSelected":null,"baseSeoURL":"/browse/household-essentials/air-fresheners/follure-clothing/1115193_1025739/YnJhbmQ6Rm9sbHVyZSBDbG90aGluZwieie"},{"id":null,"name":"Fourone","description":null,"type":null,"itemCount":8,"isSelected":null,"baseSeoURL":"/browse/household-essentials/air-fresheners/fourone/1115193_1025739/YnJhbmQ6Rm91cm9uZQieie"},{"id":null,"name":"Fresh Way","description":null,"type":null,"itemCount":8,"isSelected":null,"baseSeoURL":"/browse/household-essentials/air-fresheners/fresh-way/1115193_1025739/YnJhbmQ6RnJlc2ggV2F5"},{"id":null,"name":"Georgia Pacific Professional","description":null,"type":null,"itemCount":8,"isSelected":null,"baseSeoURL":"/browse/household-essentials/air-fresheners/georgia-pacific-professional/1115193_1025739/YnJhbmQ6R2VvcmdpYSBQYWNpZmljIFByb2Zlc3Npb25hbAieie"},{"id":null,"name":"Georgia-Pacific","description":null,"type":null,"itemCount":8,"isSelected":null,"baseSeoURL":"/browse/household-essentials/air-fresheners/georgia-pacific/1115193_1025739/YnJhbmQ6R2VvcmdpYS1QYWNpZmlj"},{"id":null,"name":"Grab Green","description":null,"type":null,"itemCount":8,"isSelected":null,"baseSeoURL":"/browse/household-essentials/air-fresheners/grab-green/1115193_1025739/YnJhbmQ6R3JhYiiBHcmVlbgieie"},{"id":null,"name":"Haribason","description":null,"type":null,"itemCount":8,"isSelected":null,"baseSeoURL":"/browse/household-essentials/air-fresheners/haribason/1115193_1025739/YnJhbmQ6SGFyaWJhc29u"},{"id":null,"name":"Hillhouse Naturals","description":null,"type":null,"itemCount":8,"isSelected":null,"baseSeoURL":"/browse/household-essentials/air-fresheners/hillhouse-naturals/1115193_1025739/YnJhbmQ6SGlsbGhvdXNlIE5hdHVyYWxz"},{"id":null,"name":"Infinity Shields","description":null,"type":null,"itemCount":8,"isSelected":null,"baseSeoURL":"/browse/household-essentials/air-fresheners/infinity-shields/1115193_1025739/YnJhbmQ6SW5maW5pdHkgU2hpZWxkcwieie"},{"id":null,"name":"Khadlaj Perfumes","description":null,"type":null,"itemCount":8,"isSelected":null,"baseSeoURL":"/browse/household-essentials/air-fresheners/khadlaj-perfumes/1115193_1025739/YnJhbmQ6S2hhZGxhaiiBQZXJmdW1lcwieie"},{"id":null,"name":"Lacyie","description":null,"type":null,"itemCount":8,"isSelected":null,"baseSeoURL":"/browse/household-essentials/air-fresheners/lacyie/1115193_1025739/YnJhbmQ6TGFjeWll"},{"id":null,"name":"MAISON BERGER","description":null,"type":null,"itemCount":8,"isSelected":null,"baseSeoURL":"/browse/household-essentials/air-fresheners/maison-berger/1115193_1025739/YnJhbmQ6TUFJU09OIEJFUkdFUgieie"},{"id":null,"name":"Mavis Laven","description":null,"type":null,"itemCount":8,"isSelected":null,"baseSeoURL":"/browse/household-essentials/air-fresheners/mavis-laven/1115193_1025739/YnJhbmQ6TWF2aXMgTGF2ZW4ie"},{"id":null,"name":"Mgaxyff","description":null,"type":null,"itemCount":8,"isSelected":null,"baseSeoURL":"/browse/household-essentials/air-fresheners/mgaxyff/1115193_1025739/YnJhbmQ6TWdheHlmZgieie"},{"id":null,"name":"Mixfeer","description":null,"type":null,"itemCount":8,"isSelected":null,"baseSeoURL":"/browse/household-essentials/air-fresheners/mixfeer/1115193_1025739/YnJhbmQ6TWl4ZmVlcgieie"},{"id":null,"name":"OTVIAP","description":null,"type":null,"itemCount":8,"isSelected":null,"baseSeoURL":"/browse/household-essentials/air-fresheners/otviap/1115193_1025739/YnJhbmQ6T1RWSUFQ"},{"id":null,"name":"Onever","description":null,"type":null,"itemCount":8,"isSelected":null,"baseSeoURL":"/browse/household-essentials/air-fresheners/onever/1115193_1025739/YnJhbmQ6T25ldmVy"},{"id":null,"name":"Pero pio","description":null,"type":null,"itemCount":8,"isSelected":null,"baseSeoURL":"/browse/household-essentials/air-fresheners/pero-pio/1115193_1025739/YnJhbmQ6UGVybyBwaW8ie"},{"id":null,"name":"QuestSpecialty","description":null,"type":null,"itemCount":8,"isSelected":null,"baseSeoURL":"/browse/household-essentials/air-fresheners/questspecialty/1115193_1025739/YnJhbmQ6UXVlc3RTcGVjaWFsdHkie"},{"id":null,"name":"Romacci","description":null,"type":null,"itemCount":8,"isSelected":null,"baseSeoURL":"/browse/household-essentials/air-fresheners/romacci/1115193_1025739/YnJhbmQ6Um9tYWNjaQieie"},{"id":null,"name":"SUNRI","description":null,"type":null,"itemCount":8,"isSelected":null,"baseSeoURL":"/browse/household-essentials/air-fresheners/sunri/1115193_1025739/YnJhbmQ6U1VOUkkie"},{"id":null,"name":"San Jamar","description":null,"type":null,"itemCount":8,"isSelected":null,"baseSeoURL":"/browse/household-essentials/air-fresheners/san-jamar/1115193_1025739/YnJhbmQ6U2FuIEphbWFy"},{"id":null,"name":"Sehao","description":null,"type":null,"itemCount":8,"isSelected":null,"baseSeoURL":"/browse/household-essentials/air-fresheners/sehao/1115193_1025739/YnJhbmQ6U2VoYW8ie"},{"id":null,"name":"The Candle Daddy","description":null,"type":null,"itemCount":8,"isSelected":null,"baseSeoURL":"/browse/household-essentials/air-fresheners/the-candle-daddy/1115193_1025739/YnJhbmQ6VGhlIENhbmRsZSBEYWRkeQieie"},{"id":null,"name":"Vamoose Products","description":null,"type":null,"itemCount":8,"isSelected":null,"baseSeoURL":"/browse/household-essentials/air-fresheners/vamoose-products/1115193_1025739/YnJhbmQ6VmFtb29zZSBQcm9kdWN0cwieie"},{"id":null,"name":"Walmeck","description":null,"type":null,"itemCount":8,"isSelected":null,"baseSeoURL":"/browse/household-essentials/air-fresheners/walmeck/1115193_1025739/YnJhbmQ6V2FsbWVjawieie"},{"id":null,"name":"Winbang","description":null,"type":null,"itemCount":8,"isSelected":null,"baseSeoURL":"/browse/household-essentials/air-fresheners/winbang/1115193_1025739/YnJhbmQ6V2luYmFuZwieie"},{"id":null,"name":"Wonder Wafers","description":null,"type":null,"itemCount":8,"isSelected":null,"baseSeoURL":"/browse/household-essentials/air-fresheners/wonder-wafers/1115193_1025739/YnJhbmQ6V29uZGVyIFdhZmVycwieie"},{"id":null,"name":"Znfrt","description":null,"type":null,"itemCount":8,"isSelected":null,"baseSeoURL":"/browse/household-essentials/air-fresheners/znfrt/1115193_1025739/YnJhbmQ6Wm5mcnQie"},{"id":null,"name":"Zoro Select","description":null,"type":null,"itemCount":8,"isSelected":null,"baseSeoURL":"/browse/household-essentials/air-fresheners/zoro-select/1115193_1025739/YnJhbmQ6Wm9ybyBTZWxlY3Qie"},{"id":null,"name":"air fresheners","description":null,"type":null,"itemCount":8,"isSelected":null,"baseSeoURL":"/browse/household-essentials/air-fresheners/air-fresheners/1115193_1025739/YnJhbmQ6YWlyIGZyZXNoZW5lcnMie"},{"id":null,"name":"coming soon","description":null,"type":null,"itemCount":8,"isSelected":null,"baseSeoURL":"/browse/household-essentials/air-fresheners/coming-soon/1115193_1025739/YnJhbmQ6Y29taW5nIHNvb24ie"},{"id":null,"name":"n'Odor Odor Eliminator","description":null,"type":null,"itemCount":8,"isSelected":null,"baseSeoURL":"/browse/household-essentials/air-fresheners/n-odor-odor-eliminator/1115193_1025739/YnJhbmQ6biidPZG9yIE9kb3IgRWxpbWluYXRvcgieie"},{"id":null,"name":"windfall","description":null,"type":null,"itemCount":8,"isSelected":null,"baseSeoURL":"/browse/household-essentials/air-fresheners/windfall/1115193_1025739/YnJhbmQ6d2luZGZhbGwie"},{"id":null,"name":"Air Jungles","description":null,"type":null,"itemCount":7,"isSelected":null,"baseSeoURL":"/browse/household-essentials/air-fresheners/air-jungles/1115193_1025739/YnJhbmQ6QWlyIEp1bmdsZXMie"},{"id":null,"name":"Al Rehab","description":null,"type":null,"itemCount":7,"isSelected":null,"baseSeoURL":"/browse/household-essentials/air-fresheners/al-rehab/1115193_1025739/YnJhbmQ6QWwgUmVoYWIie"},{"id":null,"name":"Bath %26 Body Works","description":null,"type":null,"itemCount":7,"isSelected":null,"baseSeoURL":"/browse/household-essentials/air-fresheners/bath-26-body-works/1115193_1025739/YnJhbmQ6QmF0aCAlMjYgQm9keSBXb3Jrcwieie"},{"id":null,"name":"Bellanny","description":null,"type":null,"itemCount":7,"isSelected":null,"baseSeoURL":"/browse/household-essentials/air-fresheners/bellanny/1115193_1025739/YnJhbmQ6QmVsbGFubnkie"},{"id":null,"name":"Brand :- Fragrance Lite","description":null,"type":null,"itemCount":7,"isSelected":null,"baseSeoURL":"/browse/household-essentials/air-fresheners/brand-fragrance-lite/1115193_1025739/YnJhbmQ6QnJhbmQgOii0gRnJhZ3JhbmNlIExpdGUie"},{"id":null,"name":"Ccdes","description":null,"type":null,"itemCount":7,"isSelected":null,"baseSeoURL":"/browse/household-essentials/air-fresheners/ccdes/1115193_1025739/YnJhbmQ6Q2NkZXMie"},{"id":null,"name":"Claire","description":null,"type":null,"itemCount":7,"isSelected":null,"baseSeoURL":"/browse/household-essentials/air-fresheners/claire/1115193_1025739/YnJhbmQ6Q2xhaXJl"},{"id":null,"name":"Crossroads","description":null,"type":null,"itemCount":7,"isSelected":null,"baseSeoURL":"/browse/household-essentials/air-fresheners/crossroads/1115193_1025739/YnJhbmQ6Q3Jvc3Nyb2Fkcwieie"},{"id":null,"name":"Culti Milano","description":null,"type":null,"itemCount":7,"isSelected":null,"baseSeoURL":"/browse/household-essentials/air-fresheners/culti-milano/1115193_1025739/YnJhbmQ6Q3VsdGkgTWlsYW5v"},{"id":null,"name":"DIYOO","description":null,"type":null,"itemCount":7,"isSelected":null,"baseSeoURL":"/browse/household-essentials/air-fresheners/diyoo/1115193_1025739/YnJhbmQ6RElZT08ie"},{"id":null,"name":"Dioche","description":null,"type":null,"itemCount":7,"isSelected":null,"baseSeoURL":"/browse/household-essentials/air-fresheners/dioche/1115193_1025739/YnJhbmQ6RGlvY2hl"},{"id":null,"name":"Elroy","description":null,"type":null,"itemCount":7,"isSelected":null,"baseSeoURL":"/browse/household-essentials/air-fresheners/elroy/1115193_1025739/YnJhbmQ6RWxyb3kie"},{"id":null,"name":"Erbario Toscano","description":null,"type":null,"itemCount":7,"isSelected":null,"baseSeoURL":"/browse/household-essentials/air-fresheners/erbario-toscano/1115193_1025739/YnJhbmQ6RXJiiYXJpbyBUb3NjYW5v"},{"id":null,"name":"Fr?res Branchiaux Candle Co.","description":null,"type":null,"itemCount":7,"isSelected":null,"baseSeoURL":"/browse/household-essentials/air-fresheners/fr-res-branchiaux-candle-co-/1115193_1025739/YnJhbmQ6RnIiscmVzIEJyYW5jaGlhdXggQ2FuZGxlIENvLgieie"},{"id":null,"name":"Fresh House","description":null,"type":null,"itemCount":7,"isSelected":null,"baseSeoURL":"/browse/household-essentials/air-fresheners/fresh-house/1115193_1025739/YnJhbmQ6RnJlc2ggSG91c2Uie"},{"id":null,"name":"Gaoominy","description":null,"type":null,"itemCount":7,"isSelected":null,"baseSeoURL":"/browse/household-essentials/air-fresheners/gaoominy/1115193_1025739/YnJhbmQ6R2Fvb21pbnkie"},{"id":null,"name":"Garosa","description":null,"type":null,"itemCount":7,"isSelected":null,"baseSeoURL":"/browse/household-essentials/air-fresheners/garosa/1115193_1025739/YnJhbmQ6R2Fyb3Nh"},{"id":null,"name":"Gisneze","description":null,"type":null,"itemCount":7,"isSelected":null,"baseSeoURL":"/browse/household-essentials/air-fresheners/gisneze/1115193_1025739/YnJhbmQ6R2lzbmV6ZQieie"},{"id":null,"name":"Glade PlugIns","description":null,"type":null,"itemCount":7,"isSelected":null,"baseSeoURL":"/browse/household-essentials/air-fresheners/glade-plugins/1115193_1025739/YnJhbmQ6R2xhZGUgUGx1Z0lucwieie"},{"id":null,"name":"Gupbes","description":null,"type":null,"itemCount":7,"isSelected":null,"baseSeoURL":"/browse/household-essentials/air-fresheners/gupbes/1115193_1025739/YnJhbmQ6R3VwYmVz"},{"id":null,"name":"HeYii","description":null,"type":null,"itemCount":7,"isSelected":null,"baseSeoURL":"/browse/household-essentials/air-fresheners/heyii/1115193_1025739/YnJhbmQ6SGVZaWkie"},{"id":null,"name":"IMSHIE","description":null,"type":null,"itemCount":7,"isSelected":null,"baseSeoURL":"/browse/household-essentials/air-fresheners/imshie/1115193_1025739/YnJhbmQ6SU1TSElF"},{"id":null,"name":"Irfora","description":null,"type":null,"itemCount":7,"isSelected":null,"baseSeoURL":"/browse/household-essentials/air-fresheners/irfora/1115193_1025739/YnJhbmQ6SXJmb3Jh"},{"id":null,"name":"JUST CLEARANCE","description":null,"type":null,"itemCount":7,"isSelected":null,"baseSeoURL":"/browse/household-essentials/air-fresheners/just-clearance/1115193_1025739/YnJhbmQ6SlVTVCBDTEVBUkFOQ0Uie"},{"id":null,"name":"KASCLINO","description":null,"type":null,"itemCount":7,"isSelected":null,"baseSeoURL":"/browse/household-essentials/air-fresheners/kasclino/1115193_1025739/YnJhbmQ6S0FTQ0xJTk8ie"},{"id":null,"name":"LHCER","description":null,"type":null,"itemCount":7,"isSelected":null,"baseSeoURL":"/browse/household-essentials/air-fresheners/lhcer/1115193_1025739/YnJhbmQ6TEhDRVIie"},{"id":null,"name":"M9 Odor Eliminator","description":null,"type":null,"itemCount":7,"isSelected":null,"baseSeoURL":"/browse/household-essentials/air-fresheners/m9-odor-eliminator/1115193_1025739/YnJhbmQ6TTkgT2RvciiBFbGltaW5hdG9y"},{"id":null,"name":"Namato","description":null,"type":null,"itemCount":7,"isSelected":null,"baseSeoURL":"/browse/household-essentials/air-fresheners/namato/1115193_1025739/YnJhbmQ6TmFtYXRv"},{"id":null,"name":"Northern Lights Candles","description":null,"type":null,"itemCount":7,"isSelected":null,"baseSeoURL":"/browse/household-essentials/air-fresheners/northern-lights-candles/1115193_1025739/YnJhbmQ6Tm9ydGhlcm4gTGlnaHRzIENhbmRsZXMie"},{"id":null,"name":"PersonalhomeD","description":null,"type":null,"itemCount":7,"isSelected":null,"baseSeoURL":"/browse/household-essentials/air-fresheners/personalhomed/1115193_1025739/YnJhbmQ6UGVyc29uYWxob21lRAieie"},{"id":null,"name":"Plink","description":null,"type":null,"itemCount":7,"isSelected":null,"baseSeoURL":"/browse/household-essentials/air-fresheners/plink/1115193_1025739/YnJhbmQ6UGxpbmsie"},{"id":null,"name":"Reckitt Benckiser","description":null,"type":null,"itemCount":7,"isSelected":null,"baseSeoURL":"/browse/household-essentials/air-fresheners/reckitt-benckiser/1115193_1025739/YnJhbmQ6UmVja2l0dCBCZW5ja2lzZXIie"},{"id":null,"name":"S.C. Johnson \u0026 Son","description":null,"type":null,"itemCount":7,"isSelected":null,"baseSeoURL":"/browse/household-essentials/air-fresheners/s-c-johnson-son/1115193_1025739/YnJhbmQ6Uy5DLiiBKb2huc29uICYgU29u"},{"id":null,"name":"Sonceds","description":null,"type":null,"itemCount":7,"isSelected":null,"baseSeoURL":"/browse/household-essentials/air-fresheners/sonceds/1115193_1025739/YnJhbmQ6U29uY2Vkcwieie"},{"id":null,"name":"Spptty","description":null,"type":null,"itemCount":7,"isSelected":null,"baseSeoURL":"/browse/household-essentials/air-fresheners/spptty/1115193_1025739/YnJhbmQ6U3BwdHR5"},{"id":null,"name":"Tomfoto","description":null,"type":null,"itemCount":7,"isSelected":null,"baseSeoURL":"/browse/household-essentials/air-fresheners/tomfoto/1115193_1025739/YnJhbmQ6VG9tZm90bwieie"},{"id":null,"name":"Topincn","description":null,"type":null,"itemCount":7,"isSelected":null,"baseSeoURL":"/browse/household-essentials/air-fresheners/topincn/1115193_1025739/YnJhbmQ6VG9waW5jbgieie"},{"id":null,"name":"TureClos","description":null,"type":null,"itemCount":7,"isSelected":null,"baseSeoURL":"/browse/household-essentials/air-fresheners/tureclos/1115193_1025739/YnJhbmQ6VHVyZUNsb3Mie"},{"id":null,"name":"unknown","description":null,"type":null,"itemCount":7,"isSelected":null,"baseSeoURL":"/browse/household-essentials/air-fresheners/unknown/1115193_1025739/YnJhbmQ6dW5rbm93bgieie"},{"id":null,"name":"ABIDE","description":null,"type":null,"itemCount":6,"isSelected":null,"baseSeoURL":"/browse/household-essentials/air-fresheners/abide/1115193_1025739/YnJhbmQ6QUJJREUie"},{"id":null,"name":"Aibecy","description":null,"type":null,"itemCount":6,"isSelected":null,"baseSeoURL":"/browse/household-essentials/air-fresheners/aibecy/1115193_1025739/YnJhbmQ6QWliiZWN5"},{"id":null,"name":"Air Scense","description":null,"type":null,"itemCount":6,"isSelected":null,"baseSeoURL":"/browse/household-essentials/air-fresheners/air-scense/1115193_1025739/YnJhbmQ6QWlyIFNjZW5zZQieie"},{"id":null,"name":"Alvena","description":null,"type":null,"itemCount":6,"isSelected":null,"baseSeoURL":"/browse/household-essentials/air-fresheners/alvena/1115193_1025739/YnJhbmQ6QWx2ZW5h"},{"id":null,"name":"Anggrek","description":null,"type":null,"itemCount":6,"isSelected":null,"baseSeoURL":"/browse/household-essentials/air-fresheners/anggrek/1115193_1025739/YnJhbmQ6QW5nZ3Jlawieie"},{"id":null,"name":"Arealer","description":null,"type":null,"itemCount":6,"isSelected":null,"baseSeoURL":"/browse/household-essentials/air-fresheners/arealer/1115193_1025739/YnJhbmQ6QXJlYWxlcgieie"},{"id":null,"name":"Armaf","description":null,"type":null,"itemCount":6,"isSelected":null,"baseSeoURL":"/browse/household-essentials/air-fresheners/armaf/1115193_1025739/YnJhbmQ6QXJtYWYie"},{"id":null,"name":"Aroma Country","description":null,"type":null,"itemCount":6,"isSelected":null,"baseSeoURL":"/browse/household-essentials/air-fresheners/aroma-country/1115193_1025739/YnJhbmQ6QXJvbWEgQ291bnRyeQieie"},{"id":null,"name":"BOOYOU","description":null,"type":null,"itemCount":6,"isSelected":null,"baseSeoURL":"/browse/household-essentials/air-fresheners/booyou/1115193_1025739/YnJhbmQ6Qk9PWU9V"},{"id":null,"name":"Cheerful Candle","description":null,"type":null,"itemCount":6,"isSelected":null,"baseSeoURL":"/browse/household-essentials/air-fresheners/cheerful-candle/1115193_1025739/YnJhbmQ6Q2hlZXJmdWwgQ2FuZGxl"},{"id":null,"name":"Coastwide Professional","description":null,"type":null,"itemCount":6,"isSelected":null,"baseSeoURL":"/browse/household-essentials/air-fresheners/coastwide-professional/1115193_1025739/YnJhbmQ6Q29hc3R3aWRlIFByb2Zlc3Npb25hbAieie"},{"id":null,"name":"Dcenta","description":null,"type":null,"itemCount":6,"isSelected":null,"baseSeoURL":"/browse/household-essentials/air-fresheners/dcenta/1115193_1025739/YnJhbmQ6RGNlbnRh"},{"id":null,"name":"Doact","description":null,"type":null,"itemCount":6,"isSelected":null,"baseSeoURL":"/browse/household-essentials/air-fresheners/doact/1115193_1025739/YnJhbmQ6RG9hY3Qie"},{"id":null,"name":"Dusty Road Farm","description":null,"type":null,"itemCount":6,"isSelected":null,"baseSeoURL":"/browse/household-essentials/air-fresheners/dusty-road-farm/1115193_1025739/YnJhbmQ6RHVzdHkgUm9hZCBGYXJt"},{"id":null,"name":"Egmy","description":null,"type":null,"itemCount":6,"isSelected":null,"baseSeoURL":"/browse/household-essentials/air-fresheners/egmy/1115193_1025739/YnJhbmQ6RWdteQieie"},{"id":null,"name":"Elenxs","description":null,"type":null,"itemCount":6,"isSelected":null,"baseSeoURL":"/browse/household-essentials/air-fresheners/elenxs/1115193_1025739/YnJhbmQ6RWxlbnhz"},{"id":null,"name":"Famyfamy","description":null,"type":null,"itemCount":6,"isSelected":null,"baseSeoURL":"/browse/household-essentials/air-fresheners/famyfamy/1115193_1025739/YnJhbmQ6RmFteWZhbXkie"},{"id":null,"name":"GYMNASTIKA","description":null,"type":null,"itemCount":6,"isSelected":null,"baseSeoURL":"/browse/household-essentials/air-fresheners/gymnastika/1115193_1025739/YnJhbmQ6R1lNTkFTVElLQQieie"},{"id":null,"name":"Goolrc","description":null,"type":null,"itemCount":6,"isSelected":null,"baseSeoURL":"/browse/household-essentials/air-fresheners/goolrc/1115193_1025739/YnJhbmQ6R29vbHJj"},{"id":null,"name":"Guckmall","description":null,"type":null,"itemCount":6,"isSelected":null,"baseSeoURL":"/browse/household-essentials/air-fresheners/guckmall/1115193_1025739/YnJhbmQ6R3Vja21hbGwie"},{"id":null,"name":"HLGDYJ","description":null,"type":null,"itemCount":6,"isSelected":null,"baseSeoURL":"/browse/household-essentials/air-fresheners/hlgdyj/1115193_1025739/YnJhbmQ6SExHRFlK"},{"id":null,"name":"Happy Nose!","description":null,"type":null,"itemCount":6,"isSelected":null,"baseSeoURL":"/browse/household-essentials/air-fresheners/happy-nose-/1115193_1025739/YnJhbmQ6SGFwcHkgTm9zZSEie"},{"id":null,"name":"HomChum","description":null,"type":null,"itemCount":6,"isSelected":null,"baseSeoURL":"/browse/household-essentials/air-fresheners/homchum/1115193_1025739/YnJhbmQ6SG9tQ2h1bQieie"},{"id":null,"name":"Hyscent","description":null,"type":null,"itemCount":6,"isSelected":null,"baseSeoURL":"/browse/household-essentials/air-fresheners/hyscent/1115193_1025739/YnJhbmQ6SHlzY2VudAieie"},{"id":null,"name":"Jacques Bogart","description":null,"type":null,"itemCount":6,"isSelected":null,"baseSeoURL":"/browse/household-essentials/air-fresheners/jacques-bogart/1115193_1025739/YnJhbmQ6SmFjcXVlcyBCb2dhcnQie"},{"id":null,"name":"Jiawei","description":null,"type":null,"itemCount":6,"isSelected":null,"baseSeoURL":"/browse/household-essentials/air-fresheners/jiawei/1115193_1025739/YnJhbmQ6Smlhd2Vp"},{"id":null,"name":"KIKIO","description":null,"type":null,"itemCount":6,"isSelected":null,"baseSeoURL":"/browse/household-essentials/air-fresheners/kikio/1115193_1025739/YnJhbmQ6S0lLSU8ie"},{"id":null,"name":"Kentucky Candle","description":null,"type":null,"itemCount":6,"isSelected":null,"baseSeoURL":"/browse/household-essentials/air-fresheners/kentucky-candle/1115193_1025739/YnJhbmQ6S2VudHVja3kgQ2FuZGxl"},{"id":null,"name":"LAFGUR","description":null,"type":null,"itemCount":6,"isSelected":null,"baseSeoURL":"/browse/household-essentials/air-fresheners/lafgur/1115193_1025739/YnJhbmQ6TEFGR1VS"},{"id":null,"name":"LITTLE TREES","description":null,"type":null,"itemCount":6,"isSelected":null,"baseSeoURL":"/browse/household-essentials/air-fresheners/little-trees/1115193_1025739/YnJhbmQ6TElUVExFIFRSRUVT"},{"id":null,"name":"MIARHB:8582","description":null,"type":null,"itemCount":6,"isSelected":null,"baseSeoURL":"/browse/household-essentials/air-fresheners/miarhb-8582/1115193_1025739/YnJhbmQ6TUlBUkhCOjg1ODIie"},{"id":null,"name":"Microban","description":null,"type":null,"itemCount":6,"isSelected":null,"baseSeoURL":"/browse/household-essentials/air-fresheners/microban/1115193_1025739/YnJhbmQ6TWljcm9iiYW4ie"},{"id":null,"name":"Moobody","description":null,"type":null,"itemCount":6,"isSelected":null,"baseSeoURL":"/browse/household-essentials/air-fresheners/moobody/1115193_1025739/YnJhbmQ6TW9vYm9keQieie"},{"id":null,"name":"Mortilo","description":null,"type":null,"itemCount":6,"isSelected":null,"baseSeoURL":"/browse/household-essentials/air-fresheners/mortilo/1115193_1025739/YnJhbmQ6TW9ydGlsbwieie"},{"id":null,"name":"My Shaldan","description":null,"type":null,"itemCount":6,"isSelected":null,"baseSeoURL":"/browse/household-essentials/air-fresheners/my-shaldan/1115193_1025739/YnJhbmQ6TXkgU2hhbGRhbgieie"},{"id":null,"name":"PAK-IT","description":null,"type":null,"itemCount":6,"isSelected":null,"baseSeoURL":"/browse/household-essentials/air-fresheners/pak-it/1115193_1025739/YnJhbmQ6UEFLLUlU"},{"id":null,"name":"PXRJE","description":null,"type":null,"itemCount":6,"isSelected":null,"baseSeoURL":"/browse/household-essentials/air-fresheners/pxrje/1115193_1025739/YnJhbmQ6UFhSSkUie"},{"id":null,"name":"Peroptimist","description":null,"type":null,"itemCount":6,"isSelected":null,"baseSeoURL":"/browse/household-essentials/air-fresheners/peroptimist/1115193_1025739/YnJhbmQ6UGVyb3B0aW1pc3Qie"},{"id":null,"name":"Pixnor","description":null,"type":null,"itemCount":6,"isSelected":null,"baseSeoURL":"/browse/household-essentials/air-fresheners/pixnor/1115193_1025739/YnJhbmQ6UGl4bm9y"},{"id":null,"name":"PlugIns","description":null,"type":null,"itemCount":6,"isSelected":null,"baseSeoURL":"/browse/household-essentials/air-fresheners/plugins/1115193_1025739/YnJhbmQ6UGx1Z0lucwieie"},{"id":null,"name":"Scentations","description":null,"type":null,"itemCount":6,"isSelected":null,"baseSeoURL":"/browse/household-essentials/air-fresheners/scentations/1115193_1025739/YnJhbmQ6U2NlbnRhdGlvbnMie"},{"id":null,"name":"Sex Wax","description":null,"type":null,"itemCount":6,"isSelected":null,"baseSeoURL":"/browse/household-essentials/air-fresheners/sex-wax/1115193_1025739/YnJhbmQ6U2V4IFdheAieie"},{"id":null,"name":"Shapeueng","description":null,"type":null,"itemCount":6,"isSelected":null,"baseSeoURL":"/browse/household-essentials/air-fresheners/shapeueng/1115193_1025739/YnJhbmQ6U2hhcGV1ZW5n"},{"id":null,"name":"Spartan Chemical","description":null,"type":null,"itemCount":6,"isSelected":null,"baseSeoURL":"/browse/household-essentials/air-fresheners/spartan-chemical/1115193_1025739/YnJhbmQ6U3BhcnRhbiiBDaGVtaWNhbAieie"},{"id":null,"name":"Spoontiques","description":null,"type":null,"itemCount":6,"isSelected":null,"baseSeoURL":"/browse/household-essentials/air-fresheners/spoontiques/1115193_1025739/YnJhbmQ6U3Bvb250aXF1ZXMie"},{"id":null,"name":"Tomshine","description":null,"type":null,"itemCount":6,"isSelected":null,"baseSeoURL":"/browse/household-essentials/air-fresheners/tomshine/1115193_1025739/YnJhbmQ6VG9tc2hpbmUie"},{"id":null,"name":"TreeActiv","description":null,"type":null,"itemCount":6,"isSelected":null,"baseSeoURL":"/browse/household-essentials/air-fresheners/treeactiv/1115193_1025739/YnJhbmQ6VHJlZUFjdGl2"},{"id":null,"name":"VITSCAN","description":null,"type":null,"itemCount":6,"isSelected":null,"baseSeoURL":"/browse/household-essentials/air-fresheners/vitscan/1115193_1025739/YnJhbmQ6VklUU0NBTgieie"},{"id":null,"name":"Valatala","description":null,"type":null,"itemCount":6,"isSelected":null,"baseSeoURL":"/browse/household-essentials/air-fresheners/valatala/1115193_1025739/YnJhbmQ6VmFsYXRhbGEie"},{"id":null,"name":"Viugreum","description":null,"type":null,"itemCount":6,"isSelected":null,"baseSeoURL":"/browse/household-essentials/air-fresheners/viugreum/1115193_1025739/YnJhbmQ6Vml1Z3JldW0ie"},{"id":null,"name":"Wrea","description":null,"type":null,"itemCount":6,"isSelected":null,"baseSeoURL":"/browse/household-essentials/air-fresheners/wrea/1115193_1025739/YnJhbmQ6V3JlYQieie"},{"id":null,"name":"YOUTHINK","description":null,"type":null,"itemCount":6,"isSelected":null,"baseSeoURL":"/browse/household-essentials/air-fresheners/youthink/1115193_1025739/YnJhbmQ6WU9VVEhJTksie"},{"id":null,"name":"YouLoveIt","description":null,"type":null,"itemCount":6,"isSelected":null,"baseSeoURL":"/browse/household-essentials/air-fresheners/youloveit/1115193_1025739/YnJhbmQ6WW91TG92ZUl0"},{"id":null,"name":"my Bad!","description":null,"type":null,"itemCount":6,"isSelected":null,"baseSeoURL":"/browse/household-essentials/air-fresheners/my-bad-/1115193_1025739/YnJhbmQ6bXkgQmFkIQieie"},{"id":null,"name":"unattainy","description":null,"type":null,"itemCount":6,"isSelected":null,"baseSeoURL":"/browse/household-essentials/air-fresheners/unattainy/1115193_1025739/YnJhbmQ6dW5hdHRhaW55"},{"id":null,"name":"ABEDOE","description":null,"type":null,"itemCount":5,"isSelected":null,"baseSeoURL":"/browse/household-essentials/air-fresheners/abedoe/1115193_1025739/YnJhbmQ6QUJFRE9F"},{"id":null,"name":"ALLOMN","description":null,"type":null,"itemCount":5,"isSelected":null,"baseSeoURL":"/browse/household-essentials/air-fresheners/allomn/1115193_1025739/YnJhbmQ6QUxMT01O"},{"id":null,"name":"Air Innovations","description":null,"type":null,"itemCount":5,"isSelected":null,"baseSeoURL":"/browse/household-essentials/air-fresheners/air-innovations/1115193_1025739/YnJhbmQ6QWlyIElubm92YXRpb25z"},{"id":null,"name":"Alchemy Compounding","description":null,"type":null,"itemCount":5,"isSelected":null,"baseSeoURL":"/browse/household-essentials/air-fresheners/alchemy-compounding/1115193_1025739/YnJhbmQ6QWxjaGVteSBDb21wb3VuZGluZwieie"},{"id":null,"name":"Andoer","description":null,"type":null,"itemCount":5,"isSelected":null,"baseSeoURL":"/browse/household-essentials/air-fresheners/andoer/1115193_1025739/YnJhbmQ6QW5kb2Vy"},{"id":null,"name":"Aromar","description":null,"type":null,"itemCount":5,"isSelected":null,"baseSeoURL":"/browse/household-essentials/air-fresheners/aromar/1115193_1025739/YnJhbmQ6QXJvbWFy"},{"id":null,"name":"Azuna Air Freshener","description":null,"type":null,"itemCount":5,"isSelected":null,"baseSeoURL":"/browse/household-essentials/air-fresheners/azuna-air-freshener/1115193_1025739/YnJhbmQ6QXp1bmEgQWlyIEZyZXNoZW5lcgieie"},{"id":null,"name":"BSAH","description":null,"type":null,"itemCount":5,"isSelected":null,"baseSeoURL":"/browse/household-essentials/air-fresheners/bsah/1115193_1025739/YnJhbmQ6QlNBSAieie"},{"id":null,"name":"BULL TECH","description":null,"type":null,"itemCount":5,"isSelected":null,"baseSeoURL":"/browse/household-essentials/air-fresheners/bull-tech/1115193_1025739/YnJhbmQ6QlVMTCBURUNI"},{"id":null,"name":"Bard","description":null,"type":null,"itemCount":5,"isSelected":null,"baseSeoURL":"/browse/household-essentials/air-fresheners/bard/1115193_1025739/YnJhbmQ6QmFyZAieie"},{"id":null,"name":"Betco","description":null,"type":null,"itemCount":5,"isSelected":null,"baseSeoURL":"/browse/household-essentials/air-fresheners/betco/1115193_1025739/YnJhbmQ6QmV0Y28ie"},{"id":null,"name":"Blomus","description":null,"type":null,"itemCount":5,"isSelected":null,"baseSeoURL":"/browse/household-essentials/air-fresheners/blomus/1115193_1025739/YnJhbmQ6QmxvbXVz"},{"id":null,"name":"Breathe Green","description":null,"type":null,"itemCount":5,"isSelected":null,"baseSeoURL":"/browse/household-essentials/air-fresheners/breathe-green/1115193_1025739/YnJhbmQ6QnJlYXRoZSBHcmVlbgieie"},{"id":null,"name":"Catinbow","description":null,"type":null,"itemCount":5,"isSelected":null,"baseSeoURL":"/browse/household-essentials/air-fresheners/catinbow/1115193_1025739/YnJhbmQ6Q2F0aW5iib3cie"},{"id":null,"name":"Christmas","description":null,"type":null,"itemCount":5,"isSelected":null,"baseSeoURL":"/browse/household-essentials/air-fresheners/christmas/1115193_1025739/YnJhbmQ6Q2hyaXN0bWFz"},{"id":null,"name":"Deoxygene","description":null,"type":null,"itemCount":5,"isSelected":null,"baseSeoURL":"/browse/household-essentials/air-fresheners/deoxygene/1115193_1025739/YnJhbmQ6RGVveHlnZW5l"},{"id":null,"name":"Farfi","description":null,"type":null,"itemCount":5,"isSelected":null,"baseSeoURL":"/browse/household-essentials/air-fresheners/farfi/1115193_1025739/YnJhbmQ6RmFyZmkie"},{"id":null,"name":"Fugacal","description":null,"type":null,"itemCount":5,"isSelected":null,"baseSeoURL":"/browse/household-essentials/air-fresheners/fugacal/1115193_1025739/YnJhbmQ6RnVnYWNhbAieie"},{"id":null,"name":"FunkAway","description":null,"type":null,"itemCount":5,"isSelected":null,"baseSeoURL":"/browse/household-essentials/air-fresheners/funkaway/1115193_1025739/YnJhbmQ6RnVua0F3YXkie"},{"id":null,"name":"Gazechimp","description":null,"type":null,"itemCount":5,"isSelected":null,"baseSeoURL":"/browse/household-essentials/air-fresheners/gazechimp/1115193_1025739/YnJhbmQ6R2F6ZWNoaW1w"},{"id":null,"name":"Gonzo","description":null,"type":null,"itemCount":5,"isSelected":null,"baseSeoURL":"/browse/household-essentials/air-fresheners/gonzo/1115193_1025739/YnJhbmQ6R29uem8ie"},{"id":null,"name":"Hemousy","description":null,"type":null,"itemCount":5,"isSelected":null,"baseSeoURL":"/browse/household-essentials/air-fresheners/hemousy/1115193_1025739/YnJhbmQ6SGVtb3VzeQieie"},{"id":null,"name":"Home Smart","description":null,"type":null,"itemCount":5,"isSelected":null,"baseSeoURL":"/browse/household-essentials/air-fresheners/home-smart/1115193_1025739/YnJhbmQ6SG9tZSBTbWFydAieie"},{"id":null,"name":"Htovila","description":null,"type":null,"itemCount":5,"isSelected":null,"baseSeoURL":"/browse/household-essentials/air-fresheners/htovila/1115193_1025739/YnJhbmQ6SHRvdmlsYQieie"},{"id":null,"name":"Humydry","description":null,"type":null,"itemCount":5,"isSelected":null,"baseSeoURL":"/browse/household-essentials/air-fresheners/humydry/1115193_1025739/YnJhbmQ6SHVteWRyeQieie"},{"id":null,"name":"Julam","description":null,"type":null,"itemCount":5,"isSelected":null,"baseSeoURL":"/browse/household-essentials/air-fresheners/julam/1115193_1025739/YnJhbmQ6SnVsYW0ie"},{"id":null,"name":"KUNyu","description":null,"type":null,"itemCount":5,"isSelected":null,"baseSeoURL":"/browse/household-essentials/air-fresheners/kunyu/1115193_1025739/YnJhbmQ6S1VOeXUie"},{"id":null,"name":"Kanberra Gel","description":null,"type":null,"itemCount":5,"isSelected":null,"baseSeoURL":"/browse/household-essentials/air-fresheners/kanberra-gel/1115193_1025739/YnJhbmQ6S2FuYmVycmEgR2Vs"},{"id":null,"name":"Kdqueery","description":null,"type":null,"itemCount":5,"isSelected":null,"baseSeoURL":"/browse/household-essentials/air-fresheners/kdqueery/1115193_1025739/YnJhbmQ6S2RxdWVlcnkie"},{"id":null,"name":"Keenso","description":null,"type":null,"itemCount":5,"isSelected":null,"baseSeoURL":"/browse/household-essentials/air-fresheners/keenso/1115193_1025739/YnJhbmQ6S2VlbnNv"},{"id":null,"name":"Lothantique","description":null,"type":null,"itemCount":5,"isSelected":null,"baseSeoURL":"/browse/household-essentials/air-fresheners/lothantique/1115193_1025739/YnJhbmQ6TG90aGFudGlxdWUie"},{"id":null,"name":"Machinehome","description":null,"type":null,"itemCount":5,"isSelected":null,"baseSeoURL":"/browse/household-essentials/air-fresheners/machinehome/1115193_1025739/YnJhbmQ6TWFjaGluZWhvbWUie"},{"id":null,"name":"Merry Loo","description":null,"type":null,"itemCount":5,"isSelected":null,"baseSeoURL":"/browse/household-essentials/air-fresheners/merry-loo/1115193_1025739/YnJhbmQ6TWVycnkgTG9v"},{"id":null,"name":"Nuolin","description":null,"type":null,"itemCount":5,"isSelected":null,"baseSeoURL":"/browse/household-essentials/air-fresheners/nuolin/1115193_1025739/YnJhbmQ6TnVvbGlu"},{"id":null,"name":"OMAZE","description":null,"type":null,"itemCount":5,"isSelected":null,"baseSeoURL":"/browse/household-essentials/air-fresheners/omaze/1115193_1025739/YnJhbmQ6T01BWkUie"},{"id":null,"name":"Oenbopo","description":null,"type":null,"itemCount":5,"isSelected":null,"baseSeoURL":"/browse/household-essentials/air-fresheners/oenbopo/1115193_1025739/YnJhbmQ6T2VuYm9wbwieie"},{"id":null,"name":"POW AIR","description":null,"type":null,"itemCount":5,"isSelected":null,"baseSeoURL":"/browse/household-essentials/air-fresheners/pow-air/1115193_1025739/YnJhbmQ6UE9XIEFJUgieie"},{"id":null,"name":"Rebel Green","description":null,"type":null,"itemCount":5,"isSelected":null,"baseSeoURL":"/browse/household-essentials/air-fresheners/rebel-green/1115193_1025739/YnJhbmQ6UmViiZWwgR3JlZW4ie"},{"id":null,"name":"Rigaud","description":null,"type":null,"itemCount":5,"isSelected":null,"baseSeoURL":"/browse/household-essentials/air-fresheners/rigaud/1115193_1025739/YnJhbmQ6UmlnYXVk"},{"id":null,"name":"Rinhoo","description":null,"type":null,"itemCount":5,"isSelected":null,"baseSeoURL":"/browse/household-essentials/air-fresheners/rinhoo/1115193_1025739/YnJhbmQ6UmluaG9v"},{"id":null,"name":"Scent Blast","description":null,"type":null,"itemCount":5,"isSelected":null,"baseSeoURL":"/browse/household-essentials/air-fresheners/scent-blast/1115193_1025739/YnJhbmQ6U2NlbnQgQmxhc3Qie"},{"id":null,"name":"Scentwraps","description":null,"type":null,"itemCount":5,"isSelected":null,"baseSeoURL":"/browse/household-essentials/air-fresheners/scentwraps/1115193_1025739/YnJhbmQ6U2NlbnR3cmFwcwieie"},{"id":null,"name":"Shelley Kyle","description":null,"type":null,"itemCount":5,"isSelected":null,"baseSeoURL":"/browse/household-essentials/air-fresheners/shelley-kyle/1115193_1025739/YnJhbmQ6U2hlbGxleSBLeWxl"},{"id":null,"name":"Smooth Cologne","description":null,"type":null,"itemCount":5,"isSelected":null,"baseSeoURL":"/browse/household-essentials/air-fresheners/smooth-cologne/1115193_1025739/YnJhbmQ6U21vb3RoIENvbG9nbmUie"},{"id":null,"name":"SpaRoom","description":null,"type":null,"itemCount":5,"isSelected":null,"baseSeoURL":"/browse/household-essentials/air-fresheners/sparoom/1115193_1025739/YnJhbmQ6U3BhUm9vbQieie"},{"id":null,"name":"Suzicca","description":null,"type":null,"itemCount":5,"isSelected":null,"baseSeoURL":"/browse/household-essentials/air-fresheners/suzicca/1115193_1025739/YnJhbmQ6U3V6aWNjYQieie"},{"id":null,"name":"TOTOKA","description":null,"type":null,"itemCount":5,"isSelected":null,"baseSeoURL":"/browse/household-essentials/air-fresheners/totoka/1115193_1025739/YnJhbmQ6VE9UT0tB"},{"id":null,"name":"Taluosi","description":null,"type":null,"itemCount":5,"isSelected":null,"baseSeoURL":"/browse/household-essentials/air-fresheners/taluosi/1115193_1025739/YnJhbmQ6VGFsdW9zaQieie"},{"id":null,"name":"Truly Free Home","description":null,"type":null,"itemCount":5,"isSelected":null,"baseSeoURL":"/browse/household-essentials/air-fresheners/truly-free-home/1115193_1025739/YnJhbmQ6VHJ1bHkgRnJlZSBIb21l"},{"id":null,"name":"UHUSE","description":null,"type":null,"itemCount":5,"isSelected":null,"baseSeoURL":"/browse/household-essentials/air-fresheners/uhuse/1115193_1025739/YnJhbmQ6VUhVU0Uie"},{"id":null,"name":"VEAREAR","description":null,"type":null,"itemCount":5,"isSelected":null,"baseSeoURL":"/browse/household-essentials/air-fresheners/vearear/1115193_1025739/YnJhbmQ6VkVBUkVBUgieie"},{"id":null,"name":"WEB Products","description":null,"type":null,"itemCount":5,"isSelected":null,"baseSeoURL":"/browse/household-essentials/air-fresheners/web-products/1115193_1025739/YnJhbmQ6V0VCIFByb2R1Y3Rz"},{"id":null,"name":"White Barn","description":null,"type":null,"itemCount":5,"isSelected":null,"baseSeoURL":"/browse/household-essentials/air-fresheners/white-barn/1115193_1025739/YnJhbmQ6V2hpdGUgQmFybgieie"},{"id":null,"name":"Zaqw","description":null,"type":null,"itemCount":5,"isSelected":null,"baseSeoURL":"/browse/household-essentials/air-fresheners/zaqw/1115193_1025739/YnJhbmQ6WmFxdwieie"},{"id":null,"name":"cleanlogic","description":null,"type":null,"itemCount":5,"isSelected":null,"baseSeoURL":"/browse/household-essentials/air-fresheners/cleanlogic/1115193_1025739/YnJhbmQ6Y2xlYW5sb2dpYwieie"},{"id":null,"name":"isYoung","description":null,"type":null,"itemCount":5,"isSelected":null,"baseSeoURL":"/browse/household-essentials/air-fresheners/isyoung/1115193_1025739/YnJhbmQ6aXNZb3VuZwieie"},{"id":null,"name":"sano","description":null,"type":null,"itemCount":5,"isSelected":null,"baseSeoURL":"/browse/household-essentials/air-fresheners/sano/1115193_1025739/YnJhbmQ6c2Fubwieie"},{"id":null,"name":"wyewye","description":null,"type":null,"itemCount":5,"isSelected":null,"baseSeoURL":"/browse/household-essentials/air-fresheners/wyewye/1115193_1025739/YnJhbmQ6d3lld3ll"},{"id":null,"name":"Air","description":null,"type":null,"itemCount":4,"isSelected":null,"baseSeoURL":"/browse/household-essentials/air-fresheners/air/1115193_1025739/YnJhbmQ6QWly"},{"id":null,"name":"Airepair","description":null,"type":null,"itemCount":4,"isSelected":null,"baseSeoURL":"/browse/household-essentials/air-fresheners/airepair/1115193_1025739/YnJhbmQ6QWlyZXBhaXIie"},{"id":null,"name":"Amrep","description":null,"type":null,"itemCount":4,"isSelected":null,"baseSeoURL":"/browse/household-essentials/air-fresheners/amrep/1115193_1025739/YnJhbmQ6QW1yZXAie"},{"id":null,"name":"Anacapa Technologies","description":null,"type":null,"itemCount":4,"isSelected":null,"baseSeoURL":"/browse/household-essentials/air-fresheners/anacapa-technologies/1115193_1025739/YnJhbmQ6QW5hY2FwYSBUZWNobm9sb2dpZXMie"},{"id":null,"name":"Aomeily","description":null,"type":null,"itemCount":4,"isSelected":null,"baseSeoURL":"/browse/household-essentials/air-fresheners/aomeily/1115193_1025739/YnJhbmQ6QW9tZWlseQieie"},{"id":null,"name":"Binduo","description":null,"type":null,"itemCount":4,"isSelected":null,"baseSeoURL":"/browse/household-essentials/air-fresheners/binduo/1115193_1025739/YnJhbmQ6QmluZHVv"},{"id":null,"name":"Brizi Living","description":null,"type":null,"itemCount":4,"isSelected":null,"baseSeoURL":"/browse/household-essentials/air-fresheners/brizi-living/1115193_1025739/YnJhbmQ6QnJpemkgTGl2aW5n"},{"id":null,"name":"Cacagoo","description":null,"type":null,"itemCount":4,"isSelected":null,"baseSeoURL":"/browse/household-essentials/air-fresheners/cacagoo/1115193_1025739/YnJhbmQ6Q2FjYWdvbwieie"},{"id":null,"name":"Cergrey","description":null,"type":null,"itemCount":4,"isSelected":null,"baseSeoURL":"/browse/household-essentials/air-fresheners/cergrey/1115193_1025739/YnJhbmQ6Q2VyZ3JleQieie"},{"id":null,"name":"Champion Sprayon","description":null,"type":null,"itemCount":4,"isSelected":null,"baseSeoURL":"/browse/household-essentials/air-fresheners/champion-sprayon/1115193_1025739/YnJhbmQ6Q2hhbXBpb24gU3ByYXlvbgieie"},{"id":null,"name":"ClearAir","description":null,"type":null,"itemCount":4,"isSelected":null,"baseSeoURL":"/browse/household-essentials/air-fresheners/clearair/1115193_1025739/YnJhbmQ6Q2xlYXJBaXIie"},{"id":null,"name":"Danjastic","description":null,"type":null,"itemCount":4,"isSelected":null,"baseSeoURL":"/browse/household-essentials/air-fresheners/danjastic/1115193_1025739/YnJhbmQ6RGFuamFzdGlj"},{"id":null,"name":"Diptyque","description":null,"type":null,"itemCount":4,"isSelected":null,"baseSeoURL":"/browse/household-essentials/air-fresheners/diptyque/1115193_1025739/YnJhbmQ6RGlwdHlxdWUie"},{"id":null,"name":"Earth Friendly","description":null,"type":null,"itemCount":4,"isSelected":null,"baseSeoURL":"/browse/household-essentials/air-fresheners/earth-friendly/1115193_1025739/YnJhbmQ6RWFydGggRnJpZW5kbHkie"},{"id":null,"name":"Es-Scent-ials","description":null,"type":null,"itemCount":4,"isSelected":null,"baseSeoURL":"/browse/household-essentials/air-fresheners/es-scent-ials/1115193_1025739/YnJhbmQ6RXMtU2NlbnQtaWFscwieie"},{"id":null,"name":"Favson","description":null,"type":null,"itemCount":4,"isSelected":null,"baseSeoURL":"/browse/household-essentials/air-fresheners/favson/1115193_1025739/YnJhbmQ6RmF2c29u"},{"id":null,"name":"Felce Azzurra","description":null,"type":null,"itemCount":4,"isSelected":null,"baseSeoURL":"/browse/household-essentials/air-fresheners/felce-azzurra/1115193_1025739/YnJhbmQ6RmVsY2UgQXp6dXJyYQieie"},{"id":null,"name":"Fresh Drop","description":null,"type":null,"itemCount":4,"isSelected":null,"baseSeoURL":"/browse/household-essentials/air-fresheners/fresh-drop/1115193_1025739/YnJhbmQ6RnJlc2ggRHJvcAieie"},{"id":null,"name":"Freshwave Iaq","description":null,"type":null,"itemCount":4,"isSelected":null,"baseSeoURL":"/browse/household-essentials/air-fresheners/freshwave-iaq/1115193_1025739/YnJhbmQ6RnJlc2h3YXZlIElhcQieie"},{"id":null,"name":"Gamago","description":null,"type":null,"itemCount":4,"isSelected":null,"baseSeoURL":"/browse/household-essentials/air-fresheners/gamago/1115193_1025739/YnJhbmQ6R2FtYWdv"},{"id":null,"name":"Gear GO","description":null,"type":null,"itemCount":4,"isSelected":null,"baseSeoURL":"/browse/household-essentials/air-fresheners/gear-go/1115193_1025739/YnJhbmQ6R2VhciiBHTwieie"},{"id":null,"name":"Growment","description":null,"type":null,"itemCount":4,"isSelected":null,"baseSeoURL":"/browse/household-essentials/air-fresheners/growment/1115193_1025739/YnJhbmQ6R3Jvd21lbnQie"},{"id":null,"name":"Gya Labs","description":null,"type":null,"itemCount":4,"isSelected":null,"baseSeoURL":"/browse/household-essentials/air-fresheners/gya-labs/1115193_1025739/YnJhbmQ6R3lhIExhYnMie"},{"id":null,"name":"Hamilton Beach","description":null,"type":null,"itemCount":4,"isSelected":null,"baseSeoURL":"/browse/household-essentials/air-fresheners/hamilton-beach/1115193_1025739/YnJhbmQ6SGFtaWx0b24gQmVhY2gie"},{"id":null,"name":"Hatiss","description":null,"type":null,"itemCount":4,"isSelected":null,"baseSeoURL":"/browse/household-essentials/air-fresheners/hatiss/1115193_1025739/YnJhbmQ6SGF0aXNz"},{"id":null,"name":"Homiepacck","description":null,"type":null,"itemCount":4,"isSelected":null,"baseSeoURL":"/browse/household-essentials/air-fresheners/homiepacck/1115193_1025739/YnJhbmQ6SG9taWVwYWNjawieie"},{"id":null,"name":"Homyl","description":null,"type":null,"itemCount":4,"isSelected":null,"baseSeoURL":"/browse/household-essentials/air-fresheners/homyl/1115193_1025739/YnJhbmQ6SG9teWwie"},{"id":null,"name":"Hotel Collection","description":null,"type":null,"itemCount":4,"isSelected":null,"baseSeoURL":"/browse/household-essentials/air-fresheners/hotel-collection/1115193_1025739/YnJhbmQ6SG90ZWwgQ29sbGVjdGlvbgieie"},{"id":null,"name":"Hxroolrp","description":null,"type":null,"itemCount":4,"isSelected":null,"baseSeoURL":"/browse/household-essentials/air-fresheners/hxroolrp/1115193_1025739/YnJhbmQ6SHhyb29scnAie"},{"id":null,"name":"JUST.CLEARANCE","description":null,"type":null,"itemCount":4,"isSelected":null,"baseSeoURL":"/browse/household-essentials/air-fresheners/just-clearance/1115193_1025739/YnJhbmQ6SlVTVC5DTEVBUkFOQ0Uie"},{"id":null,"name":"Kohler","description":null,"type":null,"itemCount":4,"isSelected":null,"baseSeoURL":"/browse/household-essentials/air-fresheners/kohler/1115193_1025739/YnJhbmQ6S29obGVy"},{"id":null,"name":"LPI","description":null,"type":null,"itemCount":4,"isSelected":null,"baseSeoURL":"/browse/household-essentials/air-fresheners/lpi/1115193_1025739/YnJhbmQ6TFBJ"},{"id":null,"name":"Lady Primrose","description":null,"type":null,"itemCount":4,"isSelected":null,"baseSeoURL":"/browse/household-essentials/air-fresheners/lady-primrose/1115193_1025739/YnJhbmQ6TGFkeSBQcmltcm9zZQieie"},{"id":null,"name":"Lucyflower","description":null,"type":null,"itemCount":4,"isSelected":null,"baseSeoURL":"/browse/household-essentials/air-fresheners/lucyflower/1115193_1025739/YnJhbmQ6THVjeWZsb3dlcgieie"},{"id":null,"name":"MPWEGNP","description":null,"type":null,"itemCount":4,"isSelected":null,"baseSeoURL":"/browse/household-essentials/air-fresheners/mpwegnp/1115193_1025739/YnJhbmQ6TVBXRUdOUAieie"},{"id":null,"name":"Maboto","description":null,"type":null,"itemCount":4,"isSelected":null,"baseSeoURL":"/browse/household-essentials/air-fresheners/maboto/1115193_1025739/YnJhbmQ6TWFiib3Rv"},{"id":null,"name":"Manshan","description":null,"type":null,"itemCount":4,"isSelected":null,"baseSeoURL":"/browse/household-essentials/air-fresheners/manshan/1115193_1025739/YnJhbmQ6TWFuc2hhbgieie"},{"id":null,"name":"Midewhik","description":null,"type":null,"itemCount":4,"isSelected":null,"baseSeoURL":"/browse/household-essentials/air-fresheners/midewhik/1115193_1025739/YnJhbmQ6TWlkZXdoaWsie"},{"id":null,"name":"Mybeauty","description":null,"type":null,"itemCount":4,"isSelected":null,"baseSeoURL":"/browse/household-essentials/air-fresheners/mybeauty/1115193_1025739/YnJhbmQ6TXliiZWF1dHkie"},{"id":null,"name":"N/A","description":null,"type":null,"itemCount":4,"isSelected":null,"baseSeoURL":"/browse/household-essentials/air-fresheners/n-a/1115193_1025739/YnJhbmQ6Tii9B"},{"id":null,"name":"NI-712","description":null,"type":null,"itemCount":4,"isSelected":null,"baseSeoURL":"/browse/household-essentials/air-fresheners/ni-712/1115193_1025739/YnJhbmQ6TkktNzEy"},{"id":null,"name":"Nestwood Creations LLC","description":null,"type":null,"itemCount":4,"isSelected":null,"baseSeoURL":"/browse/household-essentials/air-fresheners/nestwood-creations-llc/1115193_1025739/YnJhbmQ6TmVzdHdvb2QgQ3JlYXRpb25zIExMQwieie"},{"id":null,"name":"Nilotron","description":null,"type":null,"itemCount":4,"isSelected":null,"baseSeoURL":"/browse/household-essentials/air-fresheners/nilotron/1115193_1025739/YnJhbmQ6Tmlsb3Ryb24ie"},{"id":null,"name":"Niteo","description":null,"type":null,"itemCount":4,"isSelected":null,"baseSeoURL":"/browse/household-essentials/air-fresheners/niteo/1115193_1025739/YnJhbmQ6Tml0ZW8ie"},{"id":null,"name":"ONLENY","description":null,"type":null,"itemCount":4,"isSelected":null,"baseSeoURL":"/browse/household-essentials/air-fresheners/onleny/1115193_1025739/YnJhbmQ6T05MRU5Z"},{"id":null,"name":"Oaktree","description":null,"type":null,"itemCount":4,"isSelected":null,"baseSeoURL":"/browse/household-essentials/air-fresheners/oaktree/1115193_1025739/YnJhbmQ6T2FrdHJlZQieie"},{"id":null,"name":"Ocuhome","description":null,"type":null,"itemCount":4,"isSelected":null,"baseSeoURL":"/browse/household-essentials/air-fresheners/ocuhome/1115193_1025739/YnJhbmQ6T2N1aG9tZQieie"},{"id":null,"name":"Pamper YourSelf","description":null,"type":null,"itemCount":4,"isSelected":null,"baseSeoURL":"/browse/household-essentials/air-fresheners/pamper-yourself/1115193_1025739/YnJhbmQ6UGFtcGVyIFlvdXJTZWxm"},{"id":null,"name":"Pet Odor Exterminator","description":null,"type":null,"itemCount":4,"isSelected":null,"baseSeoURL":"/browse/household-essentials/air-fresheners/pet-odor-exterminator/1115193_1025739/YnJhbmQ6UGV0IE9kb3IgRXh0ZXJtaW5hdG9y"},{"id":null,"name":"Pontos","description":null,"type":null,"itemCount":4,"isSelected":null,"baseSeoURL":"/browse/household-essentials/air-fresheners/pontos/1115193_1025739/YnJhbmQ6UG9udG9z"},{"id":null,"name":"Puressentiel","description":null,"type":null,"itemCount":4,"isSelected":null,"baseSeoURL":"/browse/household-essentials/air-fresheners/puressentiel/1115193_1025739/YnJhbmQ6UHVyZXNzZW50aWVs"},{"id":null,"name":"Qiilu","description":null,"type":null,"itemCount":4,"isSelected":null,"baseSeoURL":"/browse/household-essentials/air-fresheners/qiilu/1115193_1025739/YnJhbmQ6UWlpbHUie"},{"id":null,"name":"Quality Chemical","description":null,"type":null,"itemCount":4,"isSelected":null,"baseSeoURL":"/browse/household-essentials/air-fresheners/quality-chemical/1115193_1025739/YnJhbmQ6UXVhbGl0eSBDaGVtaWNhbAieie"},{"id":null,"name":"Qzbon","description":null,"type":null,"itemCount":4,"isSelected":null,"baseSeoURL":"/browse/household-essentials/air-fresheners/qzbon/1115193_1025739/YnJhbmQ6UXpiib24ie"},{"id":null,"name":"Rena","description":null,"type":null,"itemCount":4,"isSelected":null,"baseSeoURL":"/browse/household-essentials/air-fresheners/rena/1115193_1025739/YnJhbmQ6UmVuYQieie"},{"id":null,"name":"Royal","description":null,"type":null,"itemCount":4,"isSelected":null,"baseSeoURL":"/browse/household-essentials/air-fresheners/royal/1115193_1025739/YnJhbmQ6Um95YWwie"},{"id":null,"name":"S.M. Arnold","description":null,"type":null,"itemCount":4,"isSelected":null,"baseSeoURL":"/browse/household-essentials/air-fresheners/s-m-arnold/1115193_1025739/YnJhbmQ6Uy5NLiiBBcm5vbGQie"},{"id":null,"name":"SA'SHE","description":null,"type":null,"itemCount":4,"isSelected":null,"baseSeoURL":"/browse/household-essentials/air-fresheners/sa-she/1115193_1025739/YnJhbmQ6U0EnU0hF"},{"id":null,"name":"STAPIOWAL","description":null,"type":null,"itemCount":4,"isSelected":null,"baseSeoURL":"/browse/household-essentials/air-fresheners/stapiowal/1115193_1025739/YnJhbmQ6U1RBUElPV0FM"},{"id":null,"name":"Shasta Candy Spray","description":null,"type":null,"itemCount":4,"isSelected":null,"baseSeoURL":"/browse/household-essentials/air-fresheners/shasta-candy-spray/1115193_1025739/YnJhbmQ6U2hhc3RhIENhbmR5IFNwcmF5"},{"id":null,"name":"Shiusina","description":null,"type":null,"itemCount":4,"isSelected":null,"baseSeoURL":"/browse/household-essentials/air-fresheners/shiusina/1115193_1025739/YnJhbmQ6U2hpdXNpbmEie"},{"id":null,"name":"The Crown Choice","description":null,"type":null,"itemCount":4,"isSelected":null,"baseSeoURL":"/browse/household-essentials/air-fresheners/the-crown-choice/1115193_1025739/YnJhbmQ6VGhlIENyb3duIENob2ljZQieie"},{"id":null,"name":"Thornell","description":null,"type":null,"itemCount":4,"isSelected":null,"baseSeoURL":"/browse/household-essentials/air-fresheners/thornell/1115193_1025739/YnJhbmQ6VGhvcm5lbGwie"},{"id":null,"name":"Tobacco Outlet Products","description":null,"type":null,"itemCount":4,"isSelected":null,"baseSeoURL":"/browse/household-essentials/air-fresheners/tobacco-outlet-products/1115193_1025739/YnJhbmQ6VG9iiYWNjbyBPdXRsZXQgUHJvZHVjdHMie"},{"id":null,"name":"Vadunsuz","description":null,"type":null,"itemCount":4,"isSelected":null,"baseSeoURL":"/browse/household-essentials/air-fresheners/vadunsuz/1115193_1025739/YnJhbmQ6VmFkdW5zdXoie"},{"id":null,"name":"Valinks","description":null,"type":null,"itemCount":4,"isSelected":null,"baseSeoURL":"/browse/household-essentials/air-fresheners/valinks/1115193_1025739/YnJhbmQ6VmFsaW5rcwieie"},{"id":null,"name":"Velocity","description":null,"type":null,"itemCount":4,"isSelected":null,"baseSeoURL":"/browse/household-essentials/air-fresheners/velocity/1115193_1025739/YnJhbmQ6VmVsb2NpdHkie"},{"id":null,"name":"WESTOCEAN","description":null,"type":null,"itemCount":4,"isSelected":null,"baseSeoURL":"/browse/household-essentials/air-fresheners/westocean/1115193_1025739/YnJhbmQ6V0VTVE9DRUFO"},{"id":null,"name":"Xtra","description":null,"type":null,"itemCount":4,"isSelected":null,"baseSeoURL":"/browse/household-essentials/air-fresheners/xtra/1115193_1025739/YnJhbmQ6WHRyYQieie"},{"id":null,"name":"YXLX","description":null,"type":null,"itemCount":4,"isSelected":null,"baseSeoURL":"/browse/household-essentials/air-fresheners/yxlx/1115193_1025739/YnJhbmQ6WVhMWAieie"},{"id":null,"name":"YY.Home","description":null,"type":null,"itemCount":4,"isSelected":null,"baseSeoURL":"/browse/household-essentials/air-fresheners/yy-home/1115193_1025739/YnJhbmQ6WVkuSG9tZQieie"},{"id":null,"name":"Ykohkofe","description":null,"type":null,"itemCount":4,"isSelected":null,"baseSeoURL":"/browse/household-essentials/air-fresheners/ykohkofe/1115193_1025739/YnJhbmQ6WWtvaGtvZmUie"},{"id":null,"name":"Youmop","description":null,"type":null,"itemCount":4,"isSelected":null,"baseSeoURL":"/browse/household-essentials/air-fresheners/youmop/1115193_1025739/YnJhbmQ6WW91bW9w"},{"id":null,"name":"m9","description":null,"type":null,"itemCount":4,"isSelected":null,"baseSeoURL":"/browse/household-essentials/air-fresheners/m9/1115193_1025739/YnJhbmQ6bTkie"},{"id":null,"name":"okwish","description":null,"type":null,"itemCount":4,"isSelected":null,"baseSeoURL":"/browse/household-essentials/air-fresheners/okwish/1115193_1025739/YnJhbmQ6b2t3aXNo"},{"id":null,"name":"pl-ug","description":null,"type":null,"itemCount":4,"isSelected":null,"baseSeoURL":"/browse/household-essentials/air-fresheners/pl-ug/1115193_1025739/YnJhbmQ6cGwtdWcie"},{"id":null,"name":"transmi","description":null,"type":null,"itemCount":4,"isSelected":null,"baseSeoURL":"/browse/household-essentials/air-fresheners/transmi/1115193_1025739/YnJhbmQ6dHJhbnNtaQieie"},{"id":null,"name":"4WayDiffuser","description":null,"type":null,"itemCount":3,"isSelected":null,"baseSeoURL":null},{"id":null,"name":"ARMELLE","description":null,"type":null,"itemCount":3,"isSelected":null,"baseSeoURL":null}]},{"title":"Departments","name":"Departments","type":"cat_id","layout":"default","min":null,"max":null,"selectedMin":null,"selectedMax":null,"unboundedMax":null,"stepSize":null,"isSelected":null,"values":[{"id":"1115193_1025739_1149374","name":"Air Freshener Refills","description":null,"type":"cat_id","itemCount":2145,"isSelected":null,"baseSeoURL":"/browse/household-essentials/air-freshener-refills/1115193_1025739_1149374"},{"id":"1115193_1025739_3653204","name":"Spray Air Fresheners","description":null,"type":"cat_id","itemCount":4149,"isSelected":null,"baseSeoURL":"/browse/household-essentials/spray-air-fresheners/1115193_1025739_3653204"},{"id":"1115193_1025739_3653204_1561921","name":"Trigger Spray","description":null,"type":"cat_id","itemCount":3937,"isSelected":null,"baseSeoURL":"/browse/household-essentials/trigger-spray/1115193_1025739_3653204_1561921"},{"id":"1115193_1025739_1149374_9345013","name":"Febreze Refills","description":null,"type":"cat_id","itemCount":98,"isSelected":null,"baseSeoURL":"/browse/household-essentials/febreze-refills/1115193_1025739_1149374_9345013"},{"id":"1115193_1025739_5929933","name":"Bathroom Air Fresheners","description":null,"type":"cat_id","itemCount":478,"isSelected":null,"baseSeoURL":"/browse/household-essentials/bathroom-air-fresheners/1115193_1025739_5929933"},{"id":"1115193_1025739_3653204_9242841","name":"Fabric Spray","description":null,"type":"cat_id","itemCount":319,"isSelected":null,"baseSeoURL":"/browse/household-essentials/fabric-spray/1115193_1025739_3653204_9242841"},{"id":"1115193_1025739_6453453","name":"Moisture Absorbers","description":null,"type":"cat_id","itemCount":814,"isSelected":null,"baseSeoURL":"/browse/household-essentials/moisture-absorbers/1115193_1025739_6453453"},{"id":"1115193_1025739_8403021","name":"Plug In Air Fresheners","description":null,"type":"cat_id","itemCount":1012,"isSelected":null,"baseSeoURL":"/browse/household-essentials/plug-in-air-fresheners/1115193_1025739_8403021"},{"id":"1115193_1025739_7032476","name":"Car Air Fresheners","description":null,"type":"cat_id","itemCount":4575,"isSelected":null,"baseSeoURL":"/browse/household-essentials/car-air-fresheners/1115193_1025739_7032476"},{"id":"1115193_1025739_9198928","name":"Odor Eliminating Candles","description":null,"type":"cat_id","itemCount":257,"isSelected":null,"baseSeoURL":"/browse/household-essentials/odor-eliminating-candles/1115193_1025739_9198928"},{"id":"1115193_1025739_7085880","name":"Automatic Air Fresheners","description":null,"type":"cat_id","itemCount":256,"isSelected":null,"baseSeoURL":"/browse/household-essentials/automatic-air-fresheners/1115193_1025739_7085880"},{"id":"1115193_1025739_6869990","name":"Gel Air Fresheners","description":null,"type":"cat_id","itemCount":84,"isSelected":null,"baseSeoURL":"/browse/household-essentials/gel-air-fresheners/1115193_1025739_6869990"},{"id":"1115193_1025739_9816597","name":"Clean Living Air Fresheners","description":null,"type":"cat_id","itemCount":26,"isSelected":null,"baseSeoURL":"/browse/household-essentials/clean-living-air-fresheners/1115193_1025739_9816597"},{"id":"1115193_1025739_7554373","name":"Air Wick Essential Mist Oil Diffusers","description":null,"type":"cat_id","itemCount":15,"isSelected":null,"baseSeoURL":"/browse/household-essentials/air-wick-essential-mist-oil-diffusers/1115193_1025739_7554373"}]},{"title":"Speed","name":"Fulfillment Speed","type":"fulfillment_speed","layout":"pill","min":null,"max":null,"selectedMin":null,"selectedMax":null,"unboundedMax":null,"stepSize":null,"isSelected":null,"values":[{"id":null,"name":"Today","description":null,"type":null,"itemCount":0,"isSelected":null,"baseSeoURL":null},{"id":null,"name":"Tomorrow","description":null,"type":null,"itemCount":0,"isSelected":null,"baseSeoURL":null},{"id":null,"name":"2 days","description":null,"type":null,"itemCount":0,"isSelected":null,"baseSeoURL":null},{"id":null,"name":"Anytime","description":null,"type":null,"itemCount":0,"isSelected":null,"baseSeoURL":null}]},{"title":"Type","name":"Type","type":"type","layout":"default","min":null,"max":null,"selectedMin":null,"selectedMax":null,"unboundedMax":null,"stepSize":null,"isSelected":null,"values":[{"id":null,"name":"Plug-In Scented Oil","description":null,"type":null,"itemCount":151,"isSelected":null,"baseSeoURL":"/browse/household-essentials/air-fresheners/plug-in-scented-oil/1115193_1025739/dHlwZTpQbHVnLUluIFNjZW50ZWQgT2ls"},{"id":null,"name":"Automatic Spray","description":null,"type":null,"itemCount":52,"isSelected":null,"baseSeoURL":"/browse/household-essentials/air-fresheners/automatic-spray/1115193_1025739/dHlwZTpBdXRvbWF0aWMgU3ByYXkie"},{"id":null,"name":"Candle","description":null,"type":null,"itemCount":81,"isSelected":null,"baseSeoURL":"/browse/household-essentials/air-fresheners/candle/1115193_1025739/dHlwZTpDYW5kbGUie"},{"id":null,"name":"Bag","description":null,"type":null,"itemCount":5,"isSelected":null,"baseSeoURL":"/browse/household-essentials/air-fresheners/bag/1115193_1025739/dHlwZTpCYWcie"},{"id":null,"name":"Wax Melt","description":null,"type":null,"itemCount":17,"isSelected":null,"baseSeoURL":"/browse/household-essentials/air-fresheners/wax-melt/1115193_1025739/dHlwZTpXYXggTWVsdAieie"},{"id":null,"name":"Beads","description":null,"type":null,"itemCount":2,"isSelected":null,"baseSeoURL":null},{"id":null,"name":"Oil Diffuser","description":null,"type":null,"itemCount":16,"isSelected":null,"baseSeoURL":"/browse/household-essentials/air-fresheners/oil-diffuser/1115193_1025739/dHlwZTpPaWwgRGlmZnVzZXIie"}]},{"title":"Scent","name":"Scent","type":"scent","layout":"default","min":null,"max":null,"selectedMin":null,"selectedMax":null,"unboundedMax":null,"stepSize":null,"isSelected":null,"values":[{"id":null,"name":"Unscented","description":null,"type":null,"itemCount":104,"isSelected":null,"baseSeoURL":null},{"id":null,"name":"Allspice","description":null,"type":null,"itemCount":5,"isSelected":null,"baseSeoURL":null},{"id":null,"name":"Amber","description":null,"type":null,"itemCount":161,"isSelected":null,"baseSeoURL":null},{"id":null,"name":"Apple","description":null,"type":null,"itemCount":47,"isSelected":null,"baseSeoURL":null},{"id":null,"name":"Basil","description":null,"type":null,"itemCount":5,"isSelected":null,"baseSeoURL":null},{"id":null,"name":"Bergamot","description":null,"type":null,"itemCount":3,"isSelected":null,"baseSeoURL":null},{"id":null,"name":"Berry","description":null,"type":null,"itemCount":14,"isSelected":null,"baseSeoURL":null},{"id":null,"name":"Chamomile","description":null,"type":null,"itemCount":5,"isSelected":null,"baseSeoURL":null},{"id":null,"name":"Cherry","description":null,"type":null,"itemCount":19,"isSelected":null,"baseSeoURL":null},{"id":null,"name":"Cinnamon","description":null,"type":null,"itemCount":20,"isSelected":null,"baseSeoURL":null},{"id":null,"name":"Citrus","description":null,"type":null,"itemCount":82,"isSelected":null,"baseSeoURL":null},{"id":null,"name":"Clean Fresh","description":null,"type":null,"itemCount":14,"isSelected":null,"baseSeoURL":null},{"id":null,"name":"Coconut","description":null,"type":null,"itemCount":12,"isSelected":null,"baseSeoURL":null},{"id":null,"name":"Eucalyptus","description":null,"type":null,"itemCount":12,"isSelected":null,"baseSeoURL":null},{"id":null,"name":"Floral","description":null,"type":null,"itemCount":122,"isSelected":null,"baseSeoURL":null},{"id":null,"name":"Fresh","description":null,"type":null,"itemCount":125,"isSelected":null,"baseSeoURL":null},{"id":null,"name":"Fruity","description":null,"type":null,"itemCount":32,"isSelected":null,"baseSeoURL":null},{"id":null,"name":"Ginger","description":null,"type":null,"itemCount":7,"isSelected":null,"baseSeoURL":null},{"id":null,"name":"Grapefruit","description":null,"type":null,"itemCount":3,"isSelected":null,"baseSeoURL":null},{"id":null,"name":"Hawaiian","description":null,"type":null,"itemCount":3,"isSelected":null,"baseSeoURL":null}]},{"title":"Certifications","name":"Certifications","type":"general_standards_and_certifications","layout":"default","min":null,"max":null,"selectedMin":null,"selectedMax":null,"unboundedMax":null,"stepSize":null,"isSelected":null,"values":[{"id":null,"name":"EWG Verified","description":null,"type":null,"itemCount":1,"isSelected":null,"baseSeoURL":null},{"id":null,"name":"Leaping Bunny","description":null,"type":null,"itemCount":16,"isSelected":null,"baseSeoURL":null},{"id":null,"name":"Safer Choice","description":null,"type":null,"itemCount":1,"isSelected":null,"baseSeoURL":null},{"id":null,"name":"Sustainable Forestry Initiative (SFI)","description":null,"type":null,"itemCount":1,"isSelected":null,"baseSeoURL":null},{"id":null,"name":"USDA Organic","description":null,"type":null,"itemCount":2,"isSelected":null,"baseSeoURL":null}]},{"title":"Rating","name":"Customer Rating","type":"customer_rating","layout":"default","min":null,"max":null,"selectedMin":null,"selectedMax":null,"unboundedMax":null,"stepSize":null,"isSelected":null,"values":[{"id":null,"name":"4 - 5 Stars","description":null,"type":null,"itemCount":1563,"isSelected":null,"baseSeoURL":null},{"id":null,"name":"3 - 3.9 Stars","description":null,"type":null,"itemCount":1738,"isSelected":null,"baseSeoURL":null},{"id":null,"name":"2 - 2.9 Stars","description":null,"type":null,"itemCount":1778,"isSelected":null,"baseSeoURL":null},{"id":null,"name":"1 - 1.9 Stars","description":null,"type":null,"itemCount":1873,"isSelected":null,"baseSeoURL":null}]},{"title":"Special Offers","name":"Special Offers","type":"special_offers","layout":"default","min":null,"max":null,"selectedMin":null,"selectedMax":null,"unboundedMax":null,"stepSize":null,"isSelected":null,"values":[{"id":null,"name":"Clearance","description":null,"type":null,"itemCount":570,"isSelected":null,"baseSeoURL":null},{"id":null,"name":"Reduced Price","description":null,"type":null,"itemCount":1685,"isSelected":null,"baseSeoURL":null}]},{"title":"Capacity","name":"Capacity","type":"capacity","layout":"default","min":null,"max":null,"selectedMin":null,"selectedMax":null,"unboundedMax":null,"stepSize":null,"isSelected":null,"values":[{"id":null,"name":"0","description":null,"type":null,"itemCount":15,"isSelected":null,"baseSeoURL":null},{"id":null,"name":"0.18 fl oz (5.5 ml)","description":null,"type":null,"itemCount":1,"isSelected":null,"baseSeoURL":null},{"id":null,"name":"0.34 fl oz (10 ml)","description":null,"type":null,"itemCount":4,"isSelected":null,"baseSeoURL":null},{"id":null,"name":"0.49 oz (14 g)","description":null,"type":null,"itemCount":3,"isSelected":null,"baseSeoURL":null},{"id":null,"name":"0.51 oz (14.5 g)","description":null,"type":null,"itemCount":1,"isSelected":null,"baseSeoURL":null},{"id":null,"name":"0.625 (18.5 ml)","description":null,"type":null,"itemCount":1,"isSelected":null,"baseSeoURL":null},{"id":null,"name":"0.625 fl oz (18.5 ml)","description":null,"type":null,"itemCount":6,"isSelected":null,"baseSeoURL":null},{"id":null,"name":"0.67 fl oz (20 ml)","description":null,"type":null,"itemCount":22,"isSelected":null,"baseSeoURL":null},{"id":null,"name":"0.8 oz (22.6 g)","description":null,"type":null,"itemCount":1,"isSelected":null,"baseSeoURL":null},{"id":null,"name":"0.86 oz (24.4 g)","description":null,"type":null,"itemCount":1,"isSelected":null,"baseSeoURL":null},{"id":null,"name":"0.87 fl oz (26 ml)","description":null,"type":null,"itemCount":2,"isSelected":null,"baseSeoURL":null},{"id":null,"name":"0.87 fl oz liq (26 ml)","description":null,"type":null,"itemCount":1,"isSelected":null,"baseSeoURL":null},{"id":null,"name":"1","description":null,"type":null,"itemCount":13,"isSelected":null,"baseSeoURL":null},{"id":null,"name":"1 - 0.67 fl oz (19.8 ml) refill","description":null,"type":null,"itemCount":1,"isSelected":null,"baseSeoURL":null},{"id":null,"name":"1 - 10.5 oz bag","description":null,"type":null,"itemCount":1,"isSelected":null,"baseSeoURL":null},{"id":null,"name":"1 air freshener","description":null,"type":null,"itemCount":5,"isSelected":null,"baseSeoURL":null},{"id":null,"name":"1 air freshener [0.13 fl oz (4 ml)]","description":null,"type":null,"itemCount":1,"isSelected":null,"baseSeoURL":null},{"id":null,"name":"1 base \u0026 cartridge","description":null,"type":null,"itemCount":1,"isSelected":null,"baseSeoURL":null},{"id":null,"name":"1 candle [12 oz (340 g)]","description":null,"type":null,"itemCount":2,"isSelected":null,"baseSeoURL":null},{"id":null,"name":"1 candle [3.4 oz (96 g)]","description":null,"type":null,"itemCount":11,"isSelected":null,"baseSeoURL":null}]},{"title":"Recommended Room","name":"Recommended Room","type":"recommended_room","layout":"default","min":null,"max":null,"selectedMin":null,"selectedMax":null,"unboundedMax":null,"stepSize":null,"isSelected":null,"values":[{"id":null,"name":"Bathroom","description":null,"type":null,"itemCount":680,"isSelected":null,"baseSeoURL":null},{"id":null,"name":"Bedroom","description":null,"type":null,"itemCount":498,"isSelected":null,"baseSeoURL":null},{"id":null,"name":"Kitchen","description":null,"type":null,"itemCount":516,"isSelected":null,"baseSeoURL":null},{"id":null,"name":"Living Room","description":null,"type":null,"itemCount":559,"isSelected":null,"baseSeoURL":null},{"id":null,"name":"Classroom","description":null,"type":null,"itemCount":49,"isSelected":null,"baseSeoURL":null},{"id":null,"name":"Closet","description":null,"type":null,"itemCount":118,"isSelected":null,"baseSeoURL":null},{"id":null,"name":"Daycare","description":null,"type":null,"itemCount":49,"isSelected":null,"baseSeoURL":null},{"id":null,"name":"Dining Room","description":null,"type":null,"itemCount":109,"isSelected":null,"baseSeoURL":null},{"id":null,"name":"Dorm Room","description":null,"type":null,"itemCount":251,"isSelected":null,"baseSeoURL":null},{"id":null,"name":"Entryway","description":null,"type":null,"itemCount":147,"isSelected":null,"baseSeoURL":null},{"id":null,"name":"Laundry Room","description":null,"type":null,"itemCount":143,"isSelected":null,"baseSeoURL":null},{"id":null,"name":"Nursery","description":null,"type":null,"itemCount":130,"isSelected":null,"baseSeoURL":null},{"id":null,"name":"Office","description":null,"type":null,"itemCount":332,"isSelected":null,"baseSeoURL":null},{"id":null,"name":"Outdoor","description":null,"type":null,"itemCount":1,"isSelected":null,"baseSeoURL":null}]},{"title":"Piece Count","name":"Piece Count","type":"piece_count","layout":"default","min":null,"max":null,"selectedMin":null,"selectedMax":null,"unboundedMax":null,"stepSize":null,"isSelected":null,"values":[{"id":null,"name":"10","description":null,"type":null,"itemCount":6,"isSelected":null,"baseSeoURL":null},{"id":null,"name":"100","description":null,"type":null,"itemCount":1,"isSelected":null,"baseSeoURL":null},{"id":null,"name":"11","description":null,"type":null,"itemCount":2,"isSelected":null,"baseSeoURL":null},{"id":null,"name":"12","description":null,"type":null,"itemCount":22,"isSelected":null,"baseSeoURL":null},{"id":null,"name":"18","description":null,"type":null,"itemCount":1,"isSelected":null,"baseSeoURL":null},{"id":null,"name":"2","description":null,"type":null,"itemCount":80,"isSelected":null,"baseSeoURL":null},{"id":null,"name":"6","description":null,"type":null,"itemCount":31,"isSelected":null,"baseSeoURL":null},{"id":null,"name":"8","description":null,"type":null,"itemCount":15,"isSelected":null,"baseSeoURL":null},{"id":null,"name":"0","description":null,"type":null,"itemCount":3,"isSelected":null,"baseSeoURL":null},{"id":null,"name":"1","description":null,"type":null,"itemCount":940,"isSelected":null,"baseSeoURL":null},{"id":null,"name":"144","description":null,"type":null,"itemCount":1,"isSelected":null,"baseSeoURL":null},{"id":null,"name":"15","description":null,"type":null,"itemCount":2,"isSelected":null,"baseSeoURL":null},{"id":null,"name":"16","description":null,"type":null,"itemCount":5,"isSelected":null,"baseSeoURL":null},{"id":null,"name":"192","description":null,"type":null,"itemCount":3,"isSelected":null,"baseSeoURL":null},{"id":null,"name":"20","description":null,"type":null,"itemCount":1,"isSelected":null,"baseSeoURL":null},{"id":null,"name":"24","description":null,"type":null,"itemCount":1,"isSelected":null,"baseSeoURL":null},{"id":null,"name":"25","description":null,"type":null,"itemCount":4,"isSelected":null,"baseSeoURL":null},{"id":null,"name":"3","description":null,"type":null,"itemCount":75,"isSelected":null,"baseSeoURL":null},{"id":null,"name":"4","description":null,"type":null,"itemCount":47,"isSelected":null,"baseSeoURL":null},{"id":null,"name":"5","description":null,"type":null,"itemCount":7,"isSelected":null,"baseSeoURL":null}]},{"title":"Number of Pieces","name":"Number of Pieces","type":"number_of_pieces","layout":"default","min":null,"max":null,"selectedMin":null,"selectedMax":null,"unboundedMax":null,"stepSize":null,"isSelected":null,"values":[{"id":null,"name":"10","description":null,"type":null,"itemCount":49,"isSelected":null,"baseSeoURL":null},{"id":null,"name":"12","description":null,"type":null,"itemCount":162,"isSelected":null,"baseSeoURL":null},{"id":null,"name":"18","description":null,"type":null,"itemCount":23,"isSelected":null,"baseSeoURL":null},{"id":null,"name":"2","description":null,"type":null,"itemCount":236,"isSelected":null,"baseSeoURL":null},{"id":null,"name":"24","description":null,"type":null,"itemCount":30,"isSelected":null,"baseSeoURL":null},{"id":null,"name":"8","description":null,"type":null,"itemCount":62,"isSelected":null,"baseSeoURL":null},{"id":null,"name":"0","description":null,"type":null,"itemCount":5,"isSelected":null,"baseSeoURL":null},{"id":null,"name":"0.67","description":null,"type":null,"itemCount":31,"isSelected":null,"baseSeoURL":null},{"id":null,"name":"1","description":null,"type":null,"itemCount":1079,"isSelected":null,"baseSeoURL":null},{"id":null,"name":"1.34","description":null,"type":null,"itemCount":14,"isSelected":null,"baseSeoURL":null},{"id":null,"name":"1.85","description":null,"type":null,"itemCount":5,"isSelected":null,"baseSeoURL":null},{"id":null,"name":"100","description":null,"type":null,"itemCount":1,"isSelected":null,"baseSeoURL":null},{"id":null,"name":"11","description":null,"type":null,"itemCount":3,"isSelected":null,"baseSeoURL":null},{"id":null,"name":"11.78","description":null,"type":null,"itemCount":5,"isSelected":null,"baseSeoURL":null},{"id":null,"name":"1200","description":null,"type":null,"itemCount":3,"isSelected":null,"baseSeoURL":null},{"id":null,"name":"14","description":null,"type":null,"itemCount":20,"isSelected":null,"baseSeoURL":null},{"id":null,"name":"144","description":null,"type":null,"itemCount":1,"isSelected":null,"baseSeoURL":null},{"id":null,"name":"15","description":null,"type":null,"itemCount":3,"isSelected":null,"baseSeoURL":null},{"id":null,"name":"16","description":null,"type":null,"itemCount":28,"isSelected":null,"baseSeoURL":null},{"id":null,"name":"19","description":null,"type":null,"itemCount":1,"isSelected":null,"baseSeoURL":null}]},{"title":"Retailer","name":"Retailer","type":"retailer_type","layout":"default","min":null,"max":null,"selectedMin":null,"selectedMax":null,"unboundedMax":null,"stepSize":null,"isSelected":null,"values":[{"id":null,"name":"Walmart","description":null,"type":null,"itemCount":702,"isSelected":null,"baseSeoURL":null},{"id":null,"name":"Pro Sellers","description":null,"type":null,"itemCount":566,"isSelected":null,"baseSeoURL":null},{"id":null,"name":"Marketplace Sellers fulfilled by Walmart","description":null,"type":null,"itemCount":128,"isSelected":null,"baseSeoURL":null}]}],"topNavFacets":null,"allSortAndFilterFacets":null}},"bottomZone4":{"name":"Popular In Browse Module","version":4,"type":"PopularInBrowse","moduleId":"98d4e7dd-30ed-40a9-aa39-4b57736dc239","schedule":{"priority":1},"matchedTrigger":{"zone":"bottomZone4"},"configs":{"__typename":"TempoWM_GLASSWWWPopularInBrowseConfigs","seoBrowseRelmData":null}},"topZone1":{"name":"Skyline Display Ad BP Dweb","version":2,"type":"SkylineDisplayAd","moduleId":"36887fe6-dad6-4b0d-8195-9c2ea6dbb444","schedule":{"priority":0},"matchedTrigger":{"zone":"topZone1"},"configs":{"__typename":"TempoWM_GLASSWWWSkylineDisplayAdConfigs","_rawConfigs":{"moduleLocation":"top","lazy":"400"},"ad":null}},"bottomZone2":{"name":"Sponsored Product Carousel BP","version":2,"type":"SponsoredProductCarousel","moduleId":"333badc5-42e1-4578-9275-d8e35f8032f1","schedule":{"priority":0},"matchedTrigger":{"zone":"bottomZone2"},"configs":{"__typename":"TempoWM_GLASSWWWSponsoredProductCarouselConfigs","_rawConfigs":{"title":"Sponsored Products","moduleLocation":"bottom","lazy":"500"}}}},"layoutContainerData":{"type":"container","flow":"vertical","content":[{"type":"container","flow":"vertical","content":{"type":"slot","id":"breadcrumb","mapping":[{"type":"EXTERNAL","options":{"refId":"breadCrumb","tempoLabel":"breadCrumb","displayInTempo":true}}]}},{"type":"container","flow":"vertical","content":{"type":"slot","id":"top","mapping":[{"type":"ZONE","options":{"refId":"topZone1"}},{"type":"ZONE","options":{"refId":"topZone2"}},{"type":"ZONE","options":{"refId":"topZone3"}},{"type":"ZONE","options":{"refId":"pillsTopZone"}},{"type":"ZONE","options":{"refId":"topZone4"}},{"type":"ZONE","options":{"refId":"topZone5"}}]}},{"type":"container","flow":"vertical","content":{"type":"slot","id":"stacks","mapping":[{"type":"EXTERNAL","options":{"refId":"stacks1","tempoLabel":"Stacks Zone","displayInTempo":true}}]}},{"type":"container","flow":"vertical","content":{"type":"slot","id":"bottom","mapping":[{"type":"ZONE","options":{"refId":"bottomZone1"}},{"type":"ZONE","options":{"refId":"bottomZone2"}},{"type":"ZONE","options":{"refId":"bottomZone3"}},{"type":"ZONE","options":{"refId":"bottomZone4"}},{"type":"ZONE","options":{"refId":"bottomZone5"}}]}}]},"searchResult":{"title":"Results for \"Air Fresheners\"","aggregatedCount":12151,"breadCrumb":[{"id":"1115193","name":"Household Essentials","url":"/cp/household-essentials/1115193"},{"id":"1115193_1025739","name":"Air Fresheners","url":"/cp/air-fresheners/1025739"}],"shelfData":{"shelfName":"","shelfId":""},"debug":{"sisUrl":"http://preso-usgm-wcnp.prod.walmart.com/v1/search?query=\u0026facet=\u0026stores=3081\u0026cat_id=1115193_1025739\u0026sort=best_match\u0026page=1\u0026min_price=\u0026max_price=\u0026_be_shelf_id=\u0026ptss=\u0026trsp=\u0026prg=desktop\u0026stateOrProvinceCode=CA\u0026ps=40\u0026zipcode=95829\u0026module_search=\u0026inCatchment=true\u0026latitude=38.4744\u0026longitude=-121.3437\u0026extended_zipcode=95829\u0026addressId=\u0026hidden_facet=\u0026pickupStore=3081\u0026deliveryStore=3081\u0026translation=","adsUrl":"http://swag-wmt.prod.walmart.com/fs?prg=desktop\u0026query=\u0026cat_id=1115193_1025739\u0026_be_shelf_id=\u0026facet=\u0026page=1\u0026ps=8\u0026min_price=\u0026max_price=\u0026sort=best_match\u0026ptss=\u0026module_search=\u0026trsp=\u0026zipcode=95829\u0026stores=3081\u0026stateOrProvinceCode=CA\u0026latitude=38.4744\u0026longitude=-121.3437\u0026extended_zipcode=95829\u0026addressId=\u0026inCatchment=true\u0026pickupStore=3081\u0026deliveryStore=3081"},"itemStacks":[{"displayMessage":null,"meta":{"adsBeacon":{"adUuid":"3b26ad13-e630-4271-9f36-914193d9198f","moduleInfo":"{\"adUuid\":\"3b26ad13-e630-4271-9f36-914193d9198f\",\"facet\":false,\"intent\":false,\"sorting\":\"best_match\",\"bucketId\":\"2478\"}","max_ads":8},"query":"","stackId":0,"stackType":"DEFAULT","title":"Air Fresheners","layoutEnum":"GRID","totalItemCount":12151,"totalItemCountDisplay":"(1000+)","viewAllParams":null},"itemsV2":null,"title":"Air Fresheners","totalItemCountDisplay":"(1000+)","count":12151,"items":[{"__typename":"Product","availabilityStatusDisplayValue":"In stock","productLocationDisplayValue":"I7","externalInfoUrl":"","canonicalUrl":"/ip/Glade-PlugIns-Scented-Oil-5-Refills-Air-Freshener-Clean-Linen-5-x-1-34-oz/898307933?athbdg=L1600","canAddToCart":true,"showOptions":false,"showBuyNow":false,"description":"","flag":"Best seller","badge":{"key":"BESTSELLER","text":"Best seller","type":"LABEL","id":"L1600"},"fulfillmentBadges":["Pickup","Delivery","2-day shipping"],"fulfillmentIcon":{"key":"SAVE_WITH_W_PLUS","label":"Save with"},"fulfillmentBadge":"","fulfillmentSpeed":[],"fulfillmentType":"STORE","groupMetaData":{"groupType":null,"groupSubType":null,"numberOfComponents":0,"groupComponents":null},"id":"3PRIHWVO9YQX","itemType":null,"usItemId":"898307933","image":"https://i5.walmartimages.com/asr/7cc17cd7-6f44-452d-bfd7-1b0795941420.c8323aa8731ce3eda8afa8b2f71cb639.jpeg?odnHeight=180\u0026odnWidth=180\u0026odnBg=FFFFFF","isOutOfStock":false,"esrb":"","mediaRating":"","name":"Glade PlugIns Scented Oil 5 Refills, Air Freshener, Clean Linen™, 5 x 1.34 oz","price":10.97,"preOrder":{"isPreOrder":false,"preOrderMessage":null,"preOrderStreetDateMessage":null},"priceInfo":{"itemPrice":"","linePrice":"$10.97","wasPrice":"","unitPrice":"$2.19/ea","shipPrice":"","minPrice":0,"minPriceForVariant":"","subscriptionPrice":"","subscriptionString":"","priceDisplayCondition":"","finalCostByWeight":false,"submapType":""},"rating":{"averageRating":4.5,"numberOfReviews":628},"salesUnit":"EACH","variantList":[],"isVariantTypeSwatch":false,"brand":null,"manufacturerName":null,"offerId":"11A07291242347E9AC672EBFA9BFDCEC","fitmentLabel":"","isAtfMarker":false,"sellerId":"F55CDC31AB754BB68FE0B39041159D63","sellerName":"Walmart.com","hasSellerBadge":null,"seller":{"name":"Walmart.com","sellerId":"F55CDC31AB754BB68FE0B39041159D63"},"sponsoredProduct":{"spQs":"JNjzEJ6AZMEXc9XYMEoEUEpLC6HIT2rpiKow7nXUmg6xY3bLaoQ78jtLKnzK-cd70THVElMtsx1oqA5yz86lbbs-ZXfI1HF95l5rjA5ZJ0I5jaf9fpwF5_LYp6NQacdj0ePXJ6IAv6i-YA-HFG-oXrk_N_lsDq5or4wZD_BIHvc","clickBeacon":"https://wrd.walmart.com/track?rdf=0\u0026adUid=3b26ad13-e630-4271-9f36-914193d9198f\u0026plmt=__plmt__\u0026tax=1115193_1025739\u0026pltfm=desktop\u0026eventST=__eventST__\u0026pgId=1115193_1025739\u0026spQs=JNjzEJ6AZMEXc9XYMEoEUEpLC6HIT2rpiKow7nXUmg6xY3bLaoQ78jtLKnzK-cd70THVElMtsx1oqA5yz86lbbs-ZXfI1HF95l5rjA5ZJ0I5jaf9fpwF5_LYp6NQacdj0ePXJ6IAv6i-YA-HFG-oXrk_N_lsDq5or4wZD_BIHvc\u0026storeId=3081\u0026pt=browse\u0026pos=__pos__\u0026bt=__bt__\u0026mloc=sp-browse-middle\u0026bkt=2478","spTags":null},"checkStoreAvailabilityATC":false,"seeShippingEligibility":false,"rewards":null},{"__typename":"Product","availabilityStatusDisplayValue":"In stock","productLocationDisplayValue":null,"externalInfoUrl":"","canonicalUrl":"/ip/Arm-Hammer-Disposable-Moisture-Absorber-14-oz-Tub-Fragrance-Free/55073242?athbdg=L1600","canAddToCart":true,"showOptions":false,"showBuyNow":false,"description":"","flag":"Best seller","badge":{"key":"BESTSELLER","text":"Best seller","type":"LABEL","id":"L1600"},"fulfillmentBadges":["2-day shipping"],"fulfillmentIcon":{"key":"SAVE_WITH_W_PLUS","label":"Save with"},"fulfillmentBadge":"","fulfillmentSpeed":[],"fulfillmentType":"FC","groupMetaData":{"groupType":null,"groupSubType":null,"numberOfComponents":0,"groupComponents":null},"id":"0TIYPJGRPX8N","itemType":null,"usItemId":"55073242","image":"https://i5.walmartimages.com/asr/8adc5b2e-81f2-40fb-9b57-613e2f4119f3_1.8d184ab4123198a1692e7fa7a710dae4.jpeg?odnHeight=180\u0026odnWidth=180\u0026odnBg=FFFFFF","isOutOfStock":false,"esrb":"","mediaRating":"","name":"Arm \u0026 Hammer Disposable Moisture Absorber, 14 oz. Tub, Fragrance Free","price":5.84,"preOrder":{"isPreOrder":false,"preOrderMessage":null,"preOrderStreetDateMessage":null},"priceInfo":{"itemPrice":"","linePrice":"$5.84","wasPrice":"","unitPrice":"","shipPrice":"","minPrice":0,"minPriceForVariant":"","subscriptionPrice":"","subscriptionString":"","priceDisplayCondition":"","finalCostByWeight":false,"submapType":""},"rating":{"averageRating":4.3,"numberOfReviews":239},"salesUnit":"EACH","variantList":[],"isVariantTypeSwatch":false,"brand":null,"manufacturerName":null,"offerId":"D30EAB5FCF8E4FA1AA55862E7CF39CF1","fitmentLabel":"","isAtfMarker":false,"sellerId":"F55CDC31AB754BB68FE0B39041159D63","sellerName":"Walmart.com","hasSellerBadge":null,"seller":{"name":"Walmart.com","sellerId":"F55CDC31AB754BB68FE0B39041159D63"},"sponsoredProduct":{"spQs":"lqPD4Oa8ipeZyMDQTCmx6_4APxMQL10eAYeZ4LpPSM0tm9LbcEluZTV9MSF0122T0R0QLBwVYUcrbgcPCfVXwaeE2ABTZwBFdkDSVY3Pk_QtomFMtkFKbD_1slLc4U2gZigAH_cxpxADBXBUCTCevgBaQdxlsOTgPNb1fWcGrF8","clickBeacon":"https://wrd.walmart.com/track?rdf=0\u0026adUid=3b26ad13-e630-4271-9f36-914193d9198f\u0026plmt=__plmt__\u0026tax=1115193_1025739\u0026pltfm=desktop\u0026eventST=__eventST__\u0026pgId=1115193_1025739\u0026spQs=lqPD4Oa8ipeZyMDQTCmx6_4APxMQL10eAYeZ4LpPSM0tm9LbcEluZTV9MSF0122T0R0QLBwVYUcrbgcPCfVXwaeE2ABTZwBFdkDSVY3Pk_QtomFMtkFKbD_1slLc4U2gZigAH_cxpxADBXBUCTCevgBaQdxlsOTgPNb1fWcGrF8\u0026storeId=3081\u0026pt=browse\u0026pos=__pos__\u0026bt=__bt__\u0026mloc=sp-browse-middle\u0026bkt=2478","spTags":null},"checkStoreAvailabilityATC":false,"seeShippingEligibility":false,"rewards":null},{"__typename":"Product","availabilityStatusDisplayValue":"In stock","productLocationDisplayValue":null,"externalInfoUrl":"","canonicalUrl":"/ip/Febreze-Odor-Eliminating-Air-Freshener-with-Downy-Scent-April-Fresh-8-8-fl-oz-2-Pack/136490245?athbdg=L1600","canAddToCart":true,"showOptions":false,"showBuyNow":false,"description":"\u003cli\u003eEliminates air odors without masking, leaving nothing behind but a light, fresh scent\u003c/li\u003e\u003cli\u003eHold upright and spray in a sweeping motion throughout your house\u003c/li\u003e","flag":"Best seller","badge":{"key":"BESTSELLER","text":"Best seller","type":"LABEL","id":"L1600"},"fulfillmentBadges":["Pickup","Delivery"],"fulfillmentIcon":{"key":"SAVE_WITH_W_PLUS","label":"Save with"},"fulfillmentBadge":"Today","fulfillmentSpeed":["TODAY"],"fulfillmentType":"STORE","groupMetaData":{"groupType":null,"groupSubType":null,"numberOfComponents":0,"groupComponents":null},"id":"4XEWYLA0QTIR","itemType":null,"usItemId":"136490245","image":"https://i5.walmartimages.com/asr/4a5eaa4e-2b21-4120-9527-9642d5e36571.defcc66820dda66ada4177dadf783b13.jpeg?odnHeight=180\u0026odnWidth=180\u0026odnBg=ffffff","isOutOfStock":false,"esrb":"","mediaRating":"","name":"Febreze Odor-Eliminating Air Freshener with Downy Scent, April Fresh, 8.8 fl oz, 2 Pack","price":4.94,"preOrder":{"isPreOrder":false,"preOrderMessage":null,"preOrderStreetDateMessage":null},"priceInfo":{"itemPrice":"","linePrice":"$4.94","wasPrice":"","unitPrice":"28.1 ¢/fl oz","shipPrice":"","minPrice":0,"minPriceForVariant":"","subscriptionPrice":"","subscriptionString":"","priceDisplayCondition":"","finalCostByWeight":false,"submapType":""},"rating":{"averageRating":4.6,"numberOfReviews":787},"salesUnit":"EACH","variantList":[],"isVariantTypeSwatch":false,"brand":null,"manufacturerName":null,"offerId":"B17C4D95ABC443F29C389F79DE9346D3","fitmentLabel":"","isAtfMarker":false,"sellerId":"F55CDC31AB754BB68FE0B39041159D63","sellerName":"Walmart.com","hasSellerBadge":null,"seller":{"name":"Walmart.com","sellerId":"F55CDC31AB754BB68FE0B39041159D63"},"sponsoredProduct":null,"checkStoreAvailabilityATC":false,"seeShippingEligibility":false,"rewards":null},{"__typename":"Product","availabilityStatusDisplayValue":"In stock","productLocationDisplayValue":null,"externalInfoUrl":"","canonicalUrl":"/ip/Glade-Room-Spray-Air-Freshener-Clean-Linen-8-oz/29400156?athbdg=L1200","canAddToCart":true,"showOptions":false,"showBuyNow":false,"description":"\u003cli\u003eA whisper of crisp, airy innocence and pure inspiration\u003c/li\u003e\u003cli\u003eThe totally re-designed Glade Clean Linen Room Spray provides up to 7 hours of freshness per use\u003c/li\u003e\u003cli\u003eFights tough odors and\u003c/li\u003e","flag":"Popular pick","badge":{"key":"CUSTOMER_PICK","text":"Popular pick","type":"LABEL","id":"L1200"},"fulfillmentBadges":["Pickup","Delivery","2-day shipping"],"fulfillmentIcon":{"key":"SAVE_WITH_W_PLUS","label":"Save with"},"fulfillmentBadge":"Today","fulfillmentSpeed":["TODAY"],"fulfillmentType":"STORE","groupMetaData":{"groupType":null,"groupSubType":null,"numberOfComponents":0,"groupComponents":null},"id":"2H4MB3K6SA24","itemType":null,"usItemId":"29400156","image":"https://i5.walmartimages.com/asr/346e399c-180c-45b1-977e-cb5a9fccfc83.fae3e515ec2b1048cd855270291e6f50.jpeg?odnHeight=180\u0026odnWidth=180\u0026odnBg=ffffff","isOutOfStock":false,"esrb":"","mediaRating":"","name":"Glade Room Spray Air Freshener, Clean Linen, 8 oz","price":0.97,"preOrder":{"isPreOrder":false,"preOrderMessage":null,"preOrderStreetDateMessage":null},"priceInfo":{"itemPrice":"","linePrice":"$0.97","wasPrice":"","unitPrice":"12.1 ¢/fl oz","shipPrice":"","minPrice":0,"minPriceForVariant":"","subscriptionPrice":"","subscriptionString":"","priceDisplayCondition":"","finalCostByWeight":false,"submapType":""},"rating":{"averageRating":4.5,"numberOfReviews":1151},"salesUnit":"EACH","variantList":[],"isVariantTypeSwatch":false,"brand":null,"manufacturerName":null,"offerId":"714D8917F2D34E8D8423C9677574CA40","fitmentLabel":"","isAtfMarker":false,"sellerId":"F55CDC31AB754BB68FE0B39041159D63","sellerName":"Walmart.com","hasSellerBadge":null,"seller":{"name":"Walmart.com","sellerId":"F55CDC31AB754BB68FE0B39041159D63"},"sponsoredProduct":null,"checkStoreAvailabilityATC":false,"seeShippingEligibility":false,"rewards":null},{"__typename":"Product","availabilityStatusDisplayValue":"In stock","productLocationDisplayValue":null,"externalInfoUrl":"","canonicalUrl":"/ip/Glade-Solid-Air-Freshener-1-CT-Clean-Linen-6-OZ-Total/15543976?athbdg=L1600","canAddToCart":true,"showOptions":false,"showBuyNow":false,"description":"\u003cli\u003eAvailable in a wide variety of rich fragrances at great value\u003c/li\u003e\u003cli\u003eCan be easily placed anywhere in the home for continuous, long-lasting freshness\u003c/li\u003e\u003cli\u003eSimple to use solid air freshener\u003c/li\u003e","flag":"Best seller","badge":{"key":"BESTSELLER","text":"Best seller","type":"LABEL","id":"L1600"},"fulfillmentBadges":["Pickup","Delivery","2-day shipping"],"fulfillmentIcon":{"key":"SAVE_WITH_W_PLUS","label":"Save with"},"fulfillmentBadge":"Today","fulfillmentSpeed":["TODAY"],"fulfillmentType":"STORE","groupMetaData":{"groupType":null,"groupSubType":null,"numberOfComponents":0,"groupComponents":null},"id":"21P680CH475U","itemType":null,"usItemId":"15543976","image":"https://i5.walmartimages.com/asr/b64a23d9-9df1-42af-802e-d523101dc6b4.f858b102ea2e9a2aa764c2a9c6e3aa98.jpeg?odnHeight=180\u0026odnWidth=180\u0026odnBg=ffffff","isOutOfStock":false,"esrb":"","mediaRating":"","name":"Glade Solid Air Freshener 1 CT, Clean Linen, 6 OZ. Total","price":0.97,"preOrder":{"isPreOrder":false,"preOrderMessage":null,"preOrderStreetDateMessage":null},"priceInfo":{"itemPrice":"","linePrice":"$0.97","wasPrice":"","unitPrice":"16.2 ¢/oz","shipPrice":"","minPrice":0,"minPriceForVariant":"","subscriptionPrice":"","subscriptionString":"","priceDisplayCondition":"","finalCostByWeight":false,"submapType":""},"rating":{"averageRating":4.3,"numberOfReviews":465},"salesUnit":"EACH","variantList":[],"isVariantTypeSwatch":false,"brand":null,"manufacturerName":null,"offerId":"8E825DF1020B4932899C717B22E16EC7","fitmentLabel":"","isAtfMarker":false,"sellerId":"F55CDC31AB754BB68FE0B39041159D63","sellerName":"Walmart.com","hasSellerBadge":null,"seller":{"name":"Walmart.com","sellerId":"F55CDC31AB754BB68FE0B39041159D63"},"sponsoredProduct":null,"checkStoreAvailabilityATC":false,"seeShippingEligibility":false,"rewards":null},{"__typename":"Product","availabilityStatusDisplayValue":"In stock","productLocationDisplayValue":null,"externalInfoUrl":"","canonicalUrl":"/ip/Febreze-Extra-Strength-Fabric-Odor-Eliminating-Refresher-Original-Scent-27-fl-oz/11045920?athbdg=L1600","canAddToCart":true,"showOptions":false,"showBuyNow":false,"description":"\u003cli\u003eDon't mask, truly eliminate fabric odors by spraying away stinks in your household fabrics\u003c/li\u003e\u003cli\u003eSpray until fabric is damp, let dry, and enjoy freshness all around your home\u003c/li\u003e","flag":"Best seller","badge":{"key":"BESTSELLER","text":"Best seller","type":"LABEL","id":"L1600"},"fulfillmentBadges":["Pickup","Delivery","2-day shipping"],"fulfillmentIcon":{"key":"SAVE_WITH_W_PLUS","label":"Save with"},"fulfillmentBadge":"Today","fulfillmentSpeed":["TODAY"],"fulfillmentType":"STORE","groupMetaData":{"groupType":null,"groupSubType":null,"numberOfComponents":0,"groupComponents":null},"id":"4BPOO157OX3C","itemType":null,"usItemId":"11045920","image":"https://i5.walmartimages.com/asr/205820d8-56aa-4be8-b82a-eeaed7588a79_1.591912c31a529a1e57034b54a4ec32da.jpeg?odnHeight=180\u0026odnWidth=180\u0026odnBg=ffffff","isOutOfStock":false,"esrb":"","mediaRating":"","name":"Febreze Extra Strength Fabric Odor-Eliminating Refresher, Original Scent, 27 fl oz","price":4.94,"preOrder":{"isPreOrder":false,"preOrderMessage":null,"preOrderStreetDateMessage":null},"priceInfo":{"itemPrice":"","linePrice":"$4.94","wasPrice":"","unitPrice":"18.3 ¢/fl oz","shipPrice":"","minPrice":0,"minPriceForVariant":"","subscriptionPrice":"","subscriptionString":"","priceDisplayCondition":"","finalCostByWeight":false,"submapType":""},"rating":{"averageRating":4.5,"numberOfReviews":540},"salesUnit":"EACH","variantList":[],"isVariantTypeSwatch":false,"brand":null,"manufacturerName":null,"offerId":"5CD3E960AEAF46FDA2B50ED3C07F3E69","fitmentLabel":"","isAtfMarker":false,"sellerId":"F55CDC31AB754BB68FE0B39041159D63","sellerName":"Walmart.com","hasSellerBadge":null,"seller":{"name":"Walmart.com","sellerId":"F55CDC31AB754BB68FE0B39041159D63"},"sponsoredProduct":null,"checkStoreAvailabilityATC":false,"seeShippingEligibility":false,"rewards":null},{"__typename":"Product","availabilityStatusDisplayValue":"In stock","productLocationDisplayValue":null,"externalInfoUrl":"","canonicalUrl":"/ip/Air-Wick-Plug-in-Scented-Oil-Refill-2-Count-Lilac-and-White-Lavender-Air-Freshener-Essential-Oils/865760190","canAddToCart":true,"showOptions":false,"showBuyNow":false,"description":"Airwick Merchandise","flag":"","badge":{"text":"","id":"","type":"","key":""},"fulfillmentBadges":["Pickup","Delivery","2-day shipping"],"fulfillmentIcon":{"key":"SAVE_WITH_W_PLUS","label":"Save with"},"fulfillmentBadge":"Today","fulfillmentSpeed":["TODAY"],"fulfillmentType":"STORE","groupMetaData":{"groupType":null,"groupSubType":null,"numberOfComponents":0,"groupComponents":null},"id":"5TYRGIG3LVNW","itemType":null,"usItemId":"865760190","image":"https://i5.walmartimages.com/asr/457c6310-cf0f-4900-98a7-17051d02884f.dd6b09d6aac911e8a610e96dc68176fd.jpeg?odnHeight=180\u0026odnWidth=180\u0026odnBg=ffffff","isOutOfStock":false,"esrb":"","mediaRating":"","name":"Air Wick Plug in Scented Oil Refill, 2 Count, Lilac and White Lavender, Air Freshener, Essential Oils","price":5.48,"preOrder":{"isPreOrder":false,"preOrderMessage":null,"preOrderStreetDateMessage":null},"priceInfo":{"itemPrice":"","linePrice":"$5.48","wasPrice":"","unitPrice":"","shipPrice":"","minPrice":0,"minPriceForVariant":"","subscriptionPrice":"","subscriptionString":"","priceDisplayCondition":"","finalCostByWeight":false,"submapType":""},"rating":{"averageRating":0,"numberOfReviews":0},"salesUnit":"EACH","variantList":[],"isVariantTypeSwatch":false,"brand":null,"manufacturerName":null,"offerId":"BFD06F8F5C0C451A94671837FDC3C1A7","fitmentLabel":"","isAtfMarker":false,"sellerId":"F55CDC31AB754BB68FE0B39041159D63","sellerName":"Walmart.com","hasSellerBadge":null,"seller":{"name":"Walmart.com","sellerId":"F55CDC31AB754BB68FE0B39041159D63"},"sponsoredProduct":null,"checkStoreAvailabilityATC":false,"seeShippingEligibility":false,"rewards":null},{"__typename":"Product","availabilityStatusDisplayValue":"In stock","productLocationDisplayValue":null,"externalInfoUrl":"","canonicalUrl":"/ip/Glade-Solid-Air-Freshener-1-CT-Hawaiian-Breeze-6-OZ-Total/15543978","canAddToCart":true,"showOptions":false,"showBuyNow":false,"description":"\u003cli\u003eAvailable in a wide variety of rich fragrances at great value\u003c/li\u003e\u003cli\u003eCan be easily placed anywhere in the home for continuous, long-lasting freshness\u003c/li\u003e\u003cli\u003eSimple to use solid air freshener\u003c/li\u003e","flag":"","badge":{"text":"","id":"","type":"","key":""},"fulfillmentBadges":["Pickup","Delivery","2-day shipping"],"fulfillmentIcon":{"key":"SAVE_WITH_W_PLUS","label":"Save with"},"fulfillmentBadge":"Today","fulfillmentSpeed":["TODAY"],"fulfillmentType":"STORE","groupMetaData":{"groupType":null,"groupSubType":null,"numberOfComponents":0,"groupComponents":null},"id":"3L4RVZMR8CBB","itemType":null,"usItemId":"15543978","image":"https://i5.walmartimages.com/asr/a08e3a8f-2256-4c13-b1a8-20615b5dcae3.c11c3a863934847962a8794ae0cbc871.jpeg?odnHeight=180\u0026odnWidth=180\u0026odnBg=ffffff","isOutOfStock":false,"esrb":"","mediaRating":"","name":"Glade Solid Air Freshener 1 CT, Hawaiian Breeze, 6 OZ. Total","price":0.97,"preOrder":{"isPreOrder":false,"preOrderMessage":null,"preOrderStreetDateMessage":null},"priceInfo":{"itemPrice":"","linePrice":"$0.97","wasPrice":"","unitPrice":"16.2 ¢/oz","shipPrice":"","minPrice":0,"minPriceForVariant":"","subscriptionPrice":"","subscriptionString":"","priceDisplayCondition":"","finalCostByWeight":false,"submapType":""},"rating":{"averageRating":4.3,"numberOfReviews":366},"salesUnit":"EACH","variantList":[],"isVariantTypeSwatch":false,"brand":null,"manufacturerName":null,"offerId":"CD261F9FE30A4C2DAAE511F35B08AF3E","fitmentLabel":"","isAtfMarker":false,"sellerId":"F55CDC31AB754BB68FE0B39041159D63","sellerName":"Walmart.com","hasSellerBadge":null,"seller":{"name":"Walmart.com","sellerId":"F55CDC31AB754BB68FE0B39041159D63"},"sponsoredProduct":null,"checkStoreAvailabilityATC":false,"seeShippingEligibility":false,"rewards":null},{"__typename":"Product","availabilityStatusDisplayValue":"In stock","productLocationDisplayValue":null,"externalInfoUrl":"","canonicalUrl":"/ip/Arm-Hammer-Carpet-Odor-Eliminator-Pet-Fresh-30-oz/13908244?athbdg=L1600","canAddToCart":true,"showOptions":false,"showBuyNow":false,"description":"","flag":"Best seller","badge":{"key":"BESTSELLER","text":"Best seller","type":"LABEL","id":"L1600"},"fulfillmentBadges":["Pickup","Delivery","2-day shipping"],"fulfillmentIcon":{"key":"SAVE_WITH_W_PLUS","label":"Save with"},"fulfillmentBadge":"Today","fulfillmentSpeed":["TODAY"],"fulfillmentType":"STORE","groupMetaData":{"groupType":null,"groupSubType":null,"numberOfComponents":0,"groupComponents":null},"id":"69LLF1KP42BM","itemType":null,"usItemId":"13908244","image":"https://i5.walmartimages.com/asr/21049366-352f-4d83-9423-f8552ad4497e_1.5acfc31caeaa4b1e0a3fe882042ec594.jpeg?odnHeight=180\u0026odnWidth=180\u0026odnBg=ffffff","isOutOfStock":false,"esrb":"","mediaRating":"","name":"Arm \u0026 Hammer Carpet Odor Eliminator, Pet Fresh 30 oz.","price":1.64,"preOrder":{"isPreOrder":false,"preOrderMessage":null,"preOrderStreetDateMessage":null},"priceInfo":{"itemPrice":"","linePrice":"$1.64","wasPrice":"","unitPrice":"5.5 ¢/oz","shipPrice":"","minPrice":0,"minPriceForVariant":"","subscriptionPrice":"","subscriptionString":"","priceDisplayCondition":"","finalCostByWeight":false,"submapType":""},"rating":{"averageRating":4.6,"numberOfReviews":1210},"salesUnit":"EACH","variantList":[],"isVariantTypeSwatch":false,"brand":null,"manufacturerName":null,"offerId":"0AC8DF1975B141F2A8C6127D6054A37C","fitmentLabel":"","isAtfMarker":false,"sellerId":"F55CDC31AB754BB68FE0B39041159D63","sellerName":"Walmart.com","hasSellerBadge":null,"seller":{"name":"Walmart.com","sellerId":"F55CDC31AB754BB68FE0B39041159D63"},"sponsoredProduct":null,"checkStoreAvailabilityATC":false,"seeShippingEligibility":false,"rewards":null},{"__typename":"Product","availabilityStatusDisplayValue":"In stock","productLocationDisplayValue":null,"externalInfoUrl":"","canonicalUrl":"/ip/Renuzit-Snuggle-Solid-Gel-Air-Freshener-Cone-Linen-Escape-Scent-Nonstop-Freshness-7-Ounces-1-Cone/677734224?athbdg=L1600","canAddToCart":true,"showOptions":false,"showBuyNow":false,"description":"\u003cli\u003eRenuzit solid air freshener cones feature welcome in snuggly freshness with scents of fresh laundry with white floral notes\u003c/li\u003e\u003cli\u003eEach cone delivers non-stop freshness for up to 3 weeks\u003c/li\u003e","flag":"Best seller","badge":{"key":"BESTSELLER","text":"Best seller","type":"LABEL","id":"L1600"},"fulfillmentBadges":["Pickup"],"fulfillmentBadge":"Today","fulfillmentSpeed":["TODAY"],"fulfillmentType":"STORE","groupMetaData":{"groupType":null,"groupSubType":null,"numberOfComponents":0,"groupComponents":null},"id":"3ASP2G6RHYC9","itemType":null,"usItemId":"677734224","image":"https://i5.walmartimages.com/asr/eb248c90-3955-480d-9569-70f21fc4e4bf.29bd2843e85c8cd51b5bdfaffc3ccd38.png?odnHeight=180\u0026odnWidth=180\u0026odnBg=ffffff","isOutOfStock":false,"esrb":"","mediaRating":"","name":"Renuzit Snuggle Solid Gel Air Freshener Cone, Linen Escape Scent, Nonstop Freshness, 7 Ounces, 1 Cone","price":0.97,"preOrder":{"isPreOrder":false,"preOrderMessage":null,"preOrderStreetDateMessage":null},"priceInfo":{"itemPrice":"","linePrice":"$0.97","wasPrice":"","unitPrice":"","shipPrice":"","minPrice":0,"minPriceForVariant":"","subscriptionPrice":"","subscriptionString":"","priceDisplayCondition":"","finalCostByWeight":false,"submapType":""},"rating":{"averageRating":4.5,"numberOfReviews":264},"salesUnit":"EACH","variantList":[],"isVariantTypeSwatch":false,"brand":null,"manufacturerName":null,"offerId":"CD0D14BCAE8743089C63F4CB207011F9","fitmentLabel":"","isAtfMarker":true,"sellerId":"F55CDC31AB754BB68FE0B39041159D63","sellerName":"Walmart.com","hasSellerBadge":null,"seller":{"name":"Walmart.com","sellerId":"F55CDC31AB754BB68FE0B39041159D63"},"sponsoredProduct":null,"checkStoreAvailabilityATC":false,"seeShippingEligibility":false,"rewards":null},{"__typename":"Product","availabilityStatusDisplayValue":"In stock","productLocationDisplayValue":"I7","externalInfoUrl":"","canonicalUrl":"/ip/Poo-Pourri-Lemon-Bergamot-Lemongrass-Before-You-Go-Toilet-Spray-2-Oz/264707182?athbdg=L1600","canAddToCart":true,"showOptions":false,"showBuyNow":false,"description":"","flag":"Best seller","badge":{"key":"BESTSELLER","text":"Best seller","type":"LABEL","id":"L1600"},"fulfillmentBadges":["Pickup","Delivery","1-day shipping"],"fulfillmentIcon":{"key":"SAVE_WITH_W_PLUS","label":"Save with"},"fulfillmentBadge":"","fulfillmentSpeed":[],"fulfillmentType":"STORE","groupMetaData":{"groupType":null,"groupSubType":null,"numberOfComponents":0,"groupComponents":null},"id":"3BSLA9ADPOKP","itemType":null,"usItemId":"264707182","image":"https://i5.walmartimages.com/asr/5a3c59e3-c1f8-4e8f-914d-6b2e91f76933.967361e34e68d39347c47b4384b81619.png?odnHeight=180\u0026odnWidth=180\u0026odnBg=FFFFFF","isOutOfStock":false,"esrb":"","mediaRating":"","name":"Poo~Pourri Lemon+Bergamot+Lemongrass Before-You-Go Toilet Spray, 2 Oz","price":9.97,"preOrder":{"isPreOrder":false,"preOrderMessage":null,"preOrderStreetDateMessage":null},"priceInfo":{"itemPrice":"","linePrice":"$9.97","wasPrice":"","unitPrice":"$4.99/fl oz","shipPrice":"","minPrice":0,"minPriceForVariant":"","subscriptionPrice":"","subscriptionString":"","priceDisplayCondition":"","finalCostByWeight":false,"submapType":""},"rating":{"averageRating":4.4,"numberOfReviews":14},"salesUnit":"EACH","variantList":[],"isVariantTypeSwatch":false,"brand":null,"manufacturerName":null,"offerId":"8936E420364A460189531B4C22347A0B","fitmentLabel":"","isAtfMarker":false,"sellerId":"F55CDC31AB754BB68FE0B39041159D63","sellerName":"Walmart.com","hasSellerBadge":null,"seller":{"name":"Walmart.com","sellerId":"F55CDC31AB754BB68FE0B39041159D63"},"sponsoredProduct":{"spQs":"5_AgWdi14nESe9cEnWiFU2oFiWHjueqYd6vdftJdD6blkOI4YJDPUwNKL-MmN4xOl8sYn_gteIlk55GEHHPbVtenKjm9YGxt3ZrI7BS3I5tAprW3mi5-Q4NxzDFFbMiM3iQAWGx4v301s9q6qODmtjROhDKjDEMK6Z968RRmeVU","clickBeacon":"https://wrd.walmart.com/track?rdf=0\u0026adUid=3b26ad13-e630-4271-9f36-914193d9198f\u0026plmt=__plmt__\u0026tax=1115193_1025739\u0026pltfm=desktop\u0026eventST=__eventST__\u0026pgId=1115193_1025739\u0026spQs=5_AgWdi14nESe9cEnWiFU2oFiWHjueqYd6vdftJdD6blkOI4YJDPUwNKL-MmN4xOl8sYn_gteIlk55GEHHPbVtenKjm9YGxt3ZrI7BS3I5tAprW3mi5-Q4NxzDFFbMiM3iQAWGx4v301s9q6qODmtjROhDKjDEMK6Z968RRmeVU\u0026storeId=3081\u0026pt=browse\u0026pos=__pos__\u0026bt=__bt__\u0026mloc=sp-browse-middle\u0026bkt=2478","spTags":null},"checkStoreAvailabilityATC":false,"seeShippingEligibility":false,"rewards":null},{"__typename":"Product","availabilityStatusDisplayValue":"In stock","productLocationDisplayValue":null,"externalInfoUrl":"","canonicalUrl":"/ip/Glade-Room-Spray-1-CT-Exotic-Tropical-Blossoms-8-OZ-Total-Air-Freshener/841064670","canAddToCart":true,"showOptions":false,"showBuyNow":false,"description":"\u003cli\u003eGlade Exotic Tropical BlossomsTM Room Spray Air Freshener will instantly transport you to your own slice of paradise\u003c/li\u003e\u003cli\u003eArtfully-crafted scent with fresh notes of monoi blossom, elderflower\u003c/li\u003e","flag":"","badge":{"text":"","id":"","type":"","key":""},"fulfillmentBadges":["Pickup","Delivery","2-day shipping"],"fulfillmentIcon":{"key":"SAVE_WITH_W_PLUS","label":"Save with"},"fulfillmentBadge":"Today","fulfillmentSpeed":["TODAY"],"fulfillmentType":"STORE","groupMetaData":{"groupType":null,"groupSubType":null,"numberOfComponents":0,"groupComponents":null},"id":"2514QQ2V1BTH","itemType":null,"usItemId":"841064670","image":"https://i5.walmartimages.com/asr/ad38e336-1695-4318-9e66-fbb501210a6d.ef83fe6164cadf860cc45d41f2301354.jpeg?odnHeight=180\u0026odnWidth=180\u0026odnBg=ffffff","isOutOfStock":false,"esrb":"","mediaRating":"","name":"Glade Room Spray 1 CT, Exotic Tropical Blossoms, 8 OZ. Total, Air Freshener","price":0.97,"preOrder":{"isPreOrder":false,"preOrderMessage":null,"preOrderStreetDateMessage":null},"priceInfo":{"itemPrice":"","linePrice":"$0.97","wasPrice":"","unitPrice":"12.1 ¢/fl oz","shipPrice":"","minPrice":0,"minPriceForVariant":"","subscriptionPrice":"","subscriptionString":"","priceDisplayCondition":"","finalCostByWeight":false,"submapType":""},"rating":{"averageRating":4.5,"numberOfReviews":230},"salesUnit":"EACH","variantList":[],"isVariantTypeSwatch":false,"brand":null,"manufacturerName":null,"offerId":"092E7C982F76448793B12D419D292B68","fitmentLabel":"","isAtfMarker":false,"sellerId":"F55CDC31AB754BB68FE0B39041159D63","sellerName":"Walmart.com","hasSellerBadge":null,"seller":{"name":"Walmart.com","sellerId":"F55CDC31AB754BB68FE0B39041159D63"},"sponsoredProduct":null,"checkStoreAvailabilityATC":false,"seeShippingEligibility":false,"rewards":null},{"__typename":"Product","availabilityStatusDisplayValue":"In stock","productLocationDisplayValue":null,"externalInfoUrl":"","canonicalUrl":"/ip/Febreze-Odor-Eliminating-Fade-Defy-PLUG-Air-Freshener-Peach-1-87-fl-oz-Oil-Refill/778816619","canAddToCart":true,"showOptions":false,"showBuyNow":false,"description":"\u003cli\u003eIncludes (1) scented oil refill for Febreze Fade Defy PLUG Air Freshener\u003c/li\u003e\u003cli\u003eFade Defy Technology delivers a first-day freshness that lasts 50 days (on low)\u003c/li\u003e","flag":"","badge":{"text":"","id":"","type":"","key":""},"fulfillmentBadges":["Pickup","Delivery"],"fulfillmentIcon":{"key":"SAVE_WITH_W_PLUS","label":"Save with"},"fulfillmentBadge":"Today","fulfillmentSpeed":["TODAY"],"fulfillmentType":"STORE","groupMetaData":{"groupType":null,"groupSubType":null,"numberOfComponents":0,"groupComponents":null},"id":"5VWN8W7MBKAW","itemType":null,"usItemId":"778816619","image":"https://i5.walmartimages.com/asr/b914251c-de18-422c-b819-50e5f6566c6b.cb914ec5c4f6db7e009b95413367b4c7.jpeg?odnHeight=180\u0026odnWidth=180\u0026odnBg=ffffff","isOutOfStock":false,"esrb":"","mediaRating":"","name":"Febreze Odor-Eliminating Fade Defy PLUG Air Freshener Peach, (1) .87 fl. oz. Oil Refill","price":5.94,"preOrder":{"isPreOrder":false,"preOrderMessage":null,"preOrderStreetDateMessage":null},"priceInfo":{"itemPrice":"","linePrice":"$5.94","wasPrice":"","unitPrice":"$6.60/fl oz","shipPrice":"","minPrice":0,"minPriceForVariant":"","subscriptionPrice":"","subscriptionString":"","priceDisplayCondition":"","finalCostByWeight":false,"submapType":""},"rating":{"averageRating":4.7,"numberOfReviews":105},"salesUnit":"EACH","variantList":[],"isVariantTypeSwatch":false,"brand":null,"manufacturerName":null,"offerId":"0CC2C3C5A3BB4D34926681D4156B3227","fitmentLabel":"","isAtfMarker":false,"sellerId":"F55CDC31AB754BB68FE0B39041159D63","sellerName":"Walmart.com","hasSellerBadge":null,"seller":{"name":"Walmart.com","sellerId":"F55CDC31AB754BB68FE0B39041159D63"},"sponsoredProduct":null,"checkStoreAvailabilityATC":false,"seeShippingEligibility":false,"rewards":null},{"__typename":"Product","availabilityStatusDisplayValue":"In stock","productLocationDisplayValue":null,"externalInfoUrl":"","canonicalUrl":"/ip/Glade-Room-Spray-1-CT-Lemon-Fresh-8-OZ-Total-Air-Freshener/318494699","canAddToCart":true,"showOptions":false,"showBuyNow":false,"description":"\u003cli\u003eUp to 7 hours of freshness per use\u003c/li\u003e\u003cli\u003eEliminates odors and freshens the air\u003c/li\u003e\u003cli\u003eAn air freshener spray that is also perfect for eliminating smoke, mold \u0026 mildew, and sweaty shoe odors\u003c/li\u003e","flag":"","badge":{"text":"","id":"","type":"","key":""},"fulfillmentBadges":["Pickup","Delivery","2-day shipping"],"fulfillmentIcon":{"key":"SAVE_WITH_W_PLUS","label":"Save with"},"fulfillmentBadge":"Today","fulfillmentSpeed":["TODAY"],"fulfillmentType":"STORE","groupMetaData":{"groupType":null,"groupSubType":null,"numberOfComponents":0,"groupComponents":null},"id":"4HJVEKR661ME","itemType":null,"usItemId":"318494699","image":"https://i5.walmartimages.com/asr/23ad380d-267e-4c95-8c45-eb25d52b298e.9140af214ad67cccc9ab012897ae7d08.jpeg?odnHeight=180\u0026odnWidth=180\u0026odnBg=ffffff","isOutOfStock":false,"esrb":"","mediaRating":"","name":"Glade Room Spray 1 CT, Lemon Fresh, 8 OZ. Total, Air Freshener","price":0.97,"preOrder":{"isPreOrder":false,"preOrderMessage":null,"preOrderStreetDateMessage":null},"priceInfo":{"itemPrice":"","linePrice":"$0.97","wasPrice":"","unitPrice":"12.1 ¢/oz","shipPrice":"","minPrice":0,"minPriceForVariant":"","subscriptionPrice":"","subscriptionString":"","priceDisplayCondition":"","finalCostByWeight":false,"submapType":""},"rating":{"averageRating":4.6,"numberOfReviews":209},"salesUnit":"EACH","variantList":[],"isVariantTypeSwatch":false,"brand":null,"manufacturerName":null,"offerId":"9E8126C38E1E4B6D840612660CA32C3F","fitmentLabel":"","isAtfMarker":false,"sellerId":"F55CDC31AB754BB68FE0B39041159D63","sellerName":"Walmart.com","hasSellerBadge":null,"seller":{"name":"Walmart.com","sellerId":"F55CDC31AB754BB68FE0B39041159D63"},"sponsoredProduct":null,"checkStoreAvailabilityATC":false,"seeShippingEligibility":false,"rewards":null},{"__typename":"Product","availabilityStatusDisplayValue":"In stock","productLocationDisplayValue":null,"externalInfoUrl":"","canonicalUrl":"/ip/Glade-Room-Spray-1-CT-Cashmere-Woods-8-OZ-Total-Air-Freshener/23569761","canAddToCart":true,"showOptions":false,"showBuyNow":false,"description":"\u003cli\u003eA warm welcoming patchouli light flickers at the end of todays path\u003c/li\u003e\u003cli\u003eThe totally re-designed Glade Cashmere Woods Room Spray provides up to 7 hours of freshness per use\u003c/li\u003e\u003cli\u003eFights tough\u003c/li\u003e","flag":"","badge":{"text":"","id":"","type":"","key":""},"fulfillmentBadges":["Pickup","Delivery","2-day shipping"],"fulfillmentIcon":{"key":"SAVE_WITH_W_PLUS","label":"Save with"},"fulfillmentBadge":"Today","fulfillmentSpeed":["TODAY"],"fulfillmentType":"STORE","groupMetaData":{"groupType":null,"groupSubType":null,"numberOfComponents":0,"groupComponents":null},"id":"1GT1C2VGMD9Z","itemType":null,"usItemId":"23569761","image":"https://i5.walmartimages.com/asr/fda1e5d6-25c8-4a4d-9f9f-284ab64aa7ce.68b04bc72a6d710427803dfe357d2072.jpeg?odnHeight=180\u0026odnWidth=180\u0026odnBg=ffffff","isOutOfStock":false,"esrb":"","mediaRating":"","name":"Glade Room Spray 1 CT, Cashmere Woods, 8 OZ. Total, Air Freshener","price":0.97,"preOrder":{"isPreOrder":false,"preOrderMessage":null,"preOrderStreetDateMessage":null},"priceInfo":{"itemPrice":"","linePrice":"$0.97","wasPrice":"","unitPrice":"12.1 ¢/oz","shipPrice":"","minPrice":0,"minPriceForVariant":"","subscriptionPrice":"","subscriptionString":"","priceDisplayCondition":"","finalCostByWeight":false,"submapType":""},"rating":{"averageRating":4.7,"numberOfReviews":722},"salesUnit":"EACH","variantList":[],"isVariantTypeSwatch":false,"brand":null,"manufacturerName":null,"offerId":"5B564D0410D14BEE9A5611BFF182D431","fitmentLabel":"","isAtfMarker":false,"sellerId":"F55CDC31AB754BB68FE0B39041159D63","sellerName":"Walmart.com","hasSellerBadge":null,"seller":{"name":"Walmart.com","sellerId":"F55CDC31AB754BB68FE0B39041159D63"},"sponsoredProduct":null,"checkStoreAvailabilityATC":false,"seeShippingEligibility":false,"rewards":null},{"__typename":"Product","availabilityStatusDisplayValue":"In stock","productLocationDisplayValue":null,"externalInfoUrl":"","canonicalUrl":"/ip/Glade-Room-Spray-1-CT-Hawaiian-Breeze-8-OZ-Total-Air-Freshener/29400157","canAddToCart":true,"showOptions":false,"showBuyNow":false,"description":"\u003cli\u003eNotes of lush fruits and flowers burn on the horizon\u003c/li\u003e\u003cli\u003eThe totally re-designed Glade Hawaiian Breeze Room Spray provides up to 7 hours of freshness per use\u003c/li\u003e\u003cli\u003eFights tough odors and\u003c/li\u003e","flag":"","badge":{"text":"","id":"","type":"","key":""},"fulfillmentBadges":["Pickup","Delivery"],"fulfillmentIcon":{"key":"SAVE_WITH_W_PLUS","label":"Save with"},"fulfillmentBadge":"Today","fulfillmentSpeed":["TODAY"],"fulfillmentType":"STORE","groupMetaData":{"groupType":null,"groupSubType":null,"numberOfComponents":0,"groupComponents":null},"id":"2QKNLV5CNG2S","itemType":null,"usItemId":"29400157","image":"https://i5.walmartimages.com/asr/723f1c5d-d25c-4039-ac8f-e6b74d232bf5.416fb3f6b0ee124cf4d8e1ddbd5e3dda.jpeg?odnHeight=180\u0026odnWidth=180\u0026odnBg=ffffff","isOutOfStock":false,"esrb":"","mediaRating":"","name":"Glade Room Spray 1 CT, Hawaiian Breeze, 8 OZ. Total, Air Freshener","price":0.97,"preOrder":{"isPreOrder":false,"preOrderMessage":null,"preOrderStreetDateMessage":null},"priceInfo":{"itemPrice":"","linePrice":"$0.97","wasPrice":"","unitPrice":"12.1 ¢/oz","shipPrice":"","minPrice":0,"minPriceForVariant":"","subscriptionPrice":"","subscriptionString":"","priceDisplayCondition":"","finalCostByWeight":false,"submapType":""},"rating":{"averageRating":4.4,"numberOfReviews":907},"salesUnit":"EACH","variantList":[],"isVariantTypeSwatch":false,"brand":null,"manufacturerName":null,"offerId":"92D84C45E11943058E73DC5F385BB09D","fitmentLabel":"","isAtfMarker":false,"sellerId":"F55CDC31AB754BB68FE0B39041159D63","sellerName":"Walmart.com","hasSellerBadge":null,"seller":{"name":"Walmart.com","sellerId":"F55CDC31AB754BB68FE0B39041159D63"},"sponsoredProduct":null,"checkStoreAvailabilityATC":false,"seeShippingEligibility":false,"rewards":null},{"__typename":"Product","availabilityStatusDisplayValue":"In stock","productLocationDisplayValue":null,"externalInfoUrl":"","canonicalUrl":"/ip/Febreze-Odor-Eliminating-Air-Freshener-Mediterranean-Lavender-8-8-oz-2-Pack/786046212","canAddToCart":true,"showOptions":false,"showBuyNow":false,"description":"\u003cli\u003eEliminates air odors without masking, leaving nothing behind but a light, fresh scent\u003c/li\u003e\u003cli\u003eRelax in a sweet lavender field with the invigorating scent of Mediterranean Lavender\u003c/li\u003e\u003cli\u003eHold\u003c/li\u003e","flag":"","badge":{"text":"","id":"","type":"","key":""},"fulfillmentBadges":["Pickup","Delivery","1-day shipping"],"fulfillmentIcon":{"key":"SAVE_WITH_W_PLUS","label":"Save with"},"fulfillmentBadge":"Today","fulfillmentSpeed":["TODAY"],"fulfillmentType":"STORE","groupMetaData":{"groupType":null,"groupSubType":null,"numberOfComponents":0,"groupComponents":null},"id":"298E16J8U2CT","itemType":null,"usItemId":"786046212","image":"https://i5.walmartimages.com/asr/daaf0ed0-d4b9-4d4e-9b35-b4d722d28819.82007c0c130eaf814f56b16ecdc82fe2.jpeg?odnHeight=180\u0026odnWidth=180\u0026odnBg=ffffff","isOutOfStock":false,"esrb":"","mediaRating":"","name":"Febreze Odor-Eliminating Air Freshener, Mediterranean Lavender, 8.8 oz, 2 Pack","price":4.94,"preOrder":{"isPreOrder":false,"preOrderMessage":null,"preOrderStreetDateMessage":null},"priceInfo":{"itemPrice":"","linePrice":"$4.94","wasPrice":"","unitPrice":"28.1 ¢/oz","shipPrice":"","minPrice":0,"minPriceForVariant":"","subscriptionPrice":"","subscriptionString":"","priceDisplayCondition":"","finalCostByWeight":false,"submapType":""},"rating":{"averageRating":4.3,"numberOfReviews":470},"salesUnit":"EACH","variantList":[],"isVariantTypeSwatch":false,"brand":null,"manufacturerName":null,"offerId":"EF44F51341E74DC3B54E3A204116CB44","fitmentLabel":"","isAtfMarker":false,"sellerId":"F55CDC31AB754BB68FE0B39041159D63","sellerName":"Walmart.com","hasSellerBadge":null,"seller":{"name":"Walmart.com","sellerId":"F55CDC31AB754BB68FE0B39041159D63"},"sponsoredProduct":null,"checkStoreAvailabilityATC":false,"seeShippingEligibility":false,"rewards":null},{"__typename":"Product","availabilityStatusDisplayValue":"In stock","productLocationDisplayValue":null,"externalInfoUrl":"","canonicalUrl":"/ip/Merchandise-3184021-Renuzit-Adjustables-Air-Freshener-After-the-Rain-7-5-oz/14940618","canAddToCart":true,"showOptions":false,"showBuyNow":false,"description":"Renuzit Aroma Adjustables Long Last Air Freshener, After The Rain, 7 Ounces","flag":"","badge":{"text":"","id":"","type":"","key":""},"fulfillmentBadges":["Pickup"],"fulfillmentBadge":"Today","fulfillmentSpeed":["TODAY"],"fulfillmentType":"STORE","groupMetaData":{"groupType":null,"groupSubType":null,"numberOfComponents":0,"groupComponents":null},"id":"3SMIXVI2AA92","itemType":null,"usItemId":"14940618","image":"https://i5.walmartimages.com/asr/84bc00d1-60d3-4d62-b8c4-4a8008eb180f_1.9594fc10fe4f7b7b6e9a444d79584137.jpeg?odnHeight=180\u0026odnWidth=180\u0026odnBg=ffffff","isOutOfStock":false,"esrb":"","mediaRating":"","name":"Merchandise 3184021 Renuzit Adjustables Air Freshener, After the Rain, 7.5 oz","price":0.97,"preOrder":{"isPreOrder":false,"preOrderMessage":null,"preOrderStreetDateMessage":null},"priceInfo":{"itemPrice":"","linePrice":"$0.97","wasPrice":"","unitPrice":"13.9 ¢/oz","shipPrice":"","minPrice":0,"minPriceForVariant":"","subscriptionPrice":"","subscriptionString":"","priceDisplayCondition":"","finalCostByWeight":false,"submapType":""},"rating":{"averageRating":4.5,"numberOfReviews":158},"salesUnit":"EACH","variantList":[],"isVariantTypeSwatch":false,"brand":null,"manufacturerName":null,"offerId":"F85253F0B5FD4150B9C0902D8F9B68E2","fitmentLabel":"","isAtfMarker":false,"sellerId":"F55CDC31AB754BB68FE0B39041159D63","sellerName":"Walmart.com","hasSellerBadge":null,"seller":{"name":"Walmart.com","sellerId":"F55CDC31AB754BB68FE0B39041159D63"},"sponsoredProduct":null,"checkStoreAvailabilityATC":false,"seeShippingEligibility":false,"rewards":null},{"__typename":"Product","availabilityStatusDisplayValue":"In stock","productLocationDisplayValue":null,"externalInfoUrl":"","canonicalUrl":"/ip/Air-Wick-Essential-Mist-Refill-1-Count-Peony-and-Jasmine-Essential-Oils-Diffuser-Air-Freshener/291859398","canAddToCart":true,"showOptions":false,"showBuyNow":false,"description":"\u003cli\u003eFragrance infused with natural essential oils for a better fragrance experience. Provides up to 45 days of continuous and long lasting fragrance per refill on low setting. Use in any room: living\u003c/li\u003e","flag":"","badge":{"text":"","id":"","type":"","key":""},"fulfillmentBadges":["Pickup","Delivery","2-day shipping"],"fulfillmentIcon":{"key":"SAVE_WITH_W_PLUS","label":"Save with"},"fulfillmentBadge":"Today","fulfillmentSpeed":["TODAY"],"fulfillmentType":"STORE","groupMetaData":{"groupType":null,"groupSubType":null,"numberOfComponents":0,"groupComponents":null},"id":"1EJWZ25QCBNR","itemType":null,"usItemId":"291859398","image":"https://i5.walmartimages.com/asr/f3eb0684-b699-4db9-a859-2fe70c4660a6.e3923034135a82338ce46799d43d4d65.jpeg?odnHeight=180\u0026odnWidth=180\u0026odnBg=ffffff","isOutOfStock":false,"esrb":"","mediaRating":"","name":"Air Wick Essential Mist Refill, 1 Count, Peony and Jasmine, Essential Oils Diffuser, Air Freshener","price":5.48,"preOrder":{"isPreOrder":false,"preOrderMessage":null,"preOrderStreetDateMessage":null},"priceInfo":{"itemPrice":"","linePrice":"$5.48","wasPrice":"","unitPrice":"","shipPrice":"","minPrice":0,"minPriceForVariant":"","subscriptionPrice":"","subscriptionString":"","priceDisplayCondition":"","finalCostByWeight":false,"submapType":""},"rating":{"averageRating":4.6,"numberOfReviews":215},"salesUnit":"EACH","variantList":[],"isVariantTypeSwatch":false,"brand":null,"manufacturerName":null,"offerId":"7DD27BD7AA014AB6B85329BBE67ED351","fitmentLabel":"","isAtfMarker":false,"sellerId":"F55CDC31AB754BB68FE0B39041159D63","sellerName":"Walmart.com","hasSellerBadge":null,"seller":{"name":"Walmart.com","sellerId":"F55CDC31AB754BB68FE0B39041159D63"},"sponsoredProduct":null,"checkStoreAvailabilityATC":false,"seeShippingEligibility":false,"rewards":null},{"__typename":"Product","availabilityStatusDisplayValue":"In stock","productLocationDisplayValue":null,"externalInfoUrl":"","canonicalUrl":"/ip/Febreze-Odor-Eliminating-Air-Freshener-Spray-Linen-and-Sky-2-Ct/193364291","canAddToCart":false,"showOptions":true,"showBuyNow":false,"description":"\u003cli\u003eEliminates air odors without masking, leaving nothing behind but a light, fresh scent\u003c/li\u003e\u003cli\u003eHold upright and spray in a sweeping motion throughout your house\u003c/li\u003e","flag":"","badge":{"text":"","id":"","type":"","key":""},"fulfillmentBadges":["Pickup","Delivery","1-day shipping"],"fulfillmentIcon":{"key":"SAVE_WITH_W_PLUS","label":"Save with"},"fulfillmentBadge":"Today","fulfillmentSpeed":["TODAY"],"fulfillmentType":"STORE","groupMetaData":{"groupType":null,"groupSubType":null,"numberOfComponents":0,"groupComponents":null},"id":"3S8YYLI15U5V","itemType":null,"usItemId":"193364291","image":"https://i5.walmartimages.com/asr/78353496-a98c-4881-8fd9-297b60b36886.2f0cab2cfe8298766123f4c33575a385.jpeg?odnHeight=180\u0026odnWidth=180\u0026odnBg=FFFFFF","isOutOfStock":false,"esrb":"","mediaRating":"","name":"Febreze Odor-Eliminating Air Freshener Spray, Linen and Sky, 2 Ct","price":0,"preOrder":{"isPreOrder":false,"preOrderMessage":null,"preOrderStreetDateMessage":null},"priceInfo":{"itemPrice":"","linePrice":"","wasPrice":"","unitPrice":"","shipPrice":"","minPrice":4.94,"minPriceForVariant":"From $4.94","subscriptionPrice":"","subscriptionString":"","priceDisplayCondition":"","finalCostByWeight":false,"submapType":""},"rating":{"averageRating":4.6,"numberOfReviews":4307},"salesUnit":"EACH","variantList":[{"name":"2 Pack","swatchImageUrl":"","image":"https://i5.walmartimages.com/asr/78353496-a98c-4881-8fd9-297b60b36886.2f0cab2cfe8298766123f4c33575a385.jpeg?odnHeight=180\u0026odnWidth=180\u0026odnBg=FFFFFF","productId":"1LRH5K1KBVF2","usItemId":"193364291","canonicalUrl":"/ip/Febreze-Odor-Eliminating-Air-Freshener-Spray-Linen-and-Sky-2-Ct/193364291?variantFieldId=size"},{"name":"4 Pack","swatchImageUrl":"","image":"https://i5.walmartimages.com/asr/78353496-a98c-4881-8fd9-297b60b36886.2f0cab2cfe8298766123f4c33575a385.jpeg?odnHeight=180\u0026odnWidth=180\u0026odnBg=FFFFFF","productId":"3EZEBVJJMJH3","usItemId":"281264689","canonicalUrl":"/ip/Febreze-Odor-Eliminating-Air-Freshener-Linen-and-Sky-4-Pack-8-8-Fluid-Ounce-Each/281264689?variantFieldId=size"}],"isVariantTypeSwatch":false,"brand":null,"manufacturerName":null,"offerId":"4C7069881252448087942E10264CD25A","fitmentLabel":"","isAtfMarker":false,"sellerId":"F55CDC31AB754BB68FE0B39041159D63","sellerName":"Walmart.com","hasSellerBadge":null,"seller":{"name":"Walmart.com","sellerId":"F55CDC31AB754BB68FE0B39041159D63"},"sponsoredProduct":null,"checkStoreAvailabilityATC":false,"seeShippingEligibility":false,"rewards":null},{"__typename":"Product","availabilityStatusDisplayValue":"In stock","productLocationDisplayValue":null,"externalInfoUrl":"","canonicalUrl":"/ip/Febreze-Odor-Eliminating-Air-Freshener-Spray-with-Gain-Scent-Original-Scent-2-Ct/155971489?athbdg=L1600","canAddToCart":true,"showOptions":false,"showBuyNow":false,"description":"\u003cli\u003eEliminates air odors without masking, leaving nothing behind but a light, fresh scent\u003c/li\u003e\u003cli\u003eBreathe in the classic fresh fragrance of Gain Original Scent\u003c/li\u003e\u003cli\u003eHold upright and spray in a\u003c/li\u003e","flag":"Best seller","badge":{"key":"BESTSELLER","text":"Best seller","type":"LABEL","id":"L1600"},"fulfillmentBadges":["Pickup","Delivery","1-day shipping"],"fulfillmentIcon":{"key":"SAVE_WITH_W_PLUS","label":"Save with"},"fulfillmentBadge":"Today","fulfillmentSpeed":["TODAY"],"fulfillmentType":"STORE","groupMetaData":{"groupType":null,"groupSubType":null,"numberOfComponents":0,"groupComponents":null},"id":"57WLWTJ44QVL","itemType":null,"usItemId":"155971489","image":"https://i5.walmartimages.com/asr/46e1ce09-535f-4651-9b8b-85302f78f508.9dfc9c62112d69b4aa2130b1211625f7.jpeg?odnHeight=180\u0026odnWidth=180\u0026odnBg=ffffff","isOutOfStock":false,"esrb":"","mediaRating":"","name":"Febreze Odor-Eliminating Air Freshener Spray with Gain Scent, Original Scent, 2 Ct","price":4.94,"preOrder":{"isPreOrder":false,"preOrderMessage":null,"preOrderStreetDateMessage":null},"priceInfo":{"itemPrice":"","linePrice":"$4.94","wasPrice":"","unitPrice":"28.1 ¢/fl oz","shipPrice":"","minPrice":0,"minPriceForVariant":"","subscriptionPrice":"","subscriptionString":"","priceDisplayCondition":"","finalCostByWeight":false,"submapType":""},"rating":{"averageRating":4.4,"numberOfReviews":913},"salesUnit":"EACH","variantList":[],"isVariantTypeSwatch":false,"brand":null,"manufacturerName":null,"offerId":"C507EC8A1C774A26803CAA678AC1ACDC","fitmentLabel":"","isAtfMarker":false,"sellerId":"F55CDC31AB754BB68FE0B39041159D63","sellerName":"Walmart.com","hasSellerBadge":null,"seller":{"name":"Walmart.com","sellerId":"F55CDC31AB754BB68FE0B39041159D63"},"sponsoredProduct":null,"checkStoreAvailabilityATC":false,"seeShippingEligibility":false,"rewards":null},{"__typename":"Product","availabilityStatusDisplayValue":"In stock","productLocationDisplayValue":null,"externalInfoUrl":"","canonicalUrl":"/ip/Febreze-Odor-Eliminating-Wax-Melt-Air-Freshener-Gain-Original-6-Ct/33476203?athbdg=L1600","canAddToCart":true,"showOptions":false,"showBuyNow":false,"description":"\u003cli\u003eDoesn't just mask, cleans away odors\u003c/li\u003e\u003cli\u003eFebreze MELTS (formerly Febreze Wax Melts) cleans away odors and releases a light, fresh scent for hours when melted in a wax melt warmer\u003c/li\u003e","flag":"Best seller","badge":{"key":"BESTSELLER","text":"Best seller","type":"LABEL","id":"L1600"},"fulfillmentBadges":["Pickup","Delivery","2-day shipping"],"fulfillmentIcon":{"key":"SAVE_WITH_W_PLUS","label":"Save with"},"fulfillmentBadge":"Today","fulfillmentSpeed":["TODAY"],"fulfillmentType":"STORE","groupMetaData":{"groupType":null,"groupSubType":null,"numberOfComponents":0,"groupComponents":null},"id":"6IC47FCXUC76","itemType":null,"usItemId":"33476203","image":"https://i5.walmartimages.com/asr/3a6cbdc7-277a-41e3-91b9-ee6da8a1ae1d.18a95cbd220621483ff28f48134feb8f.jpeg?odnHeight=180\u0026odnWidth=180\u0026odnBg=ffffff","isOutOfStock":false,"esrb":"","mediaRating":"","name":"Febreze Odor-Eliminating Wax Melt Air Freshener, Gain Original, 6 Ct","price":2.94,"preOrder":{"isPreOrder":false,"preOrderMessage":null,"preOrderStreetDateMessage":null},"priceInfo":{"itemPrice":"$6.80","linePrice":"$2.94","wasPrice":"$6.80","unitPrice":"49.0 ¢/ea","shipPrice":"","minPrice":0,"minPriceForVariant":"","subscriptionPrice":"","subscriptionString":"","priceDisplayCondition":"","finalCostByWeight":false,"submapType":""},"rating":{"averageRating":4.6,"numberOfReviews":663},"salesUnit":"EACH","variantList":[],"isVariantTypeSwatch":false,"brand":null,"manufacturerName":null,"offerId":"031662FEAA704C34A496288366F54896","fitmentLabel":"","isAtfMarker":false,"sellerId":"F55CDC31AB754BB68FE0B39041159D63","sellerName":"Walmart.com","hasSellerBadge":null,"seller":{"name":"Walmart.com","sellerId":"F55CDC31AB754BB68FE0B39041159D63"},"sponsoredProduct":null,"checkStoreAvailabilityATC":false,"seeShippingEligibility":false,"rewards":null},{"__typename":"Product","availabilityStatusDisplayValue":"In stock","productLocationDisplayValue":null,"externalInfoUrl":"","canonicalUrl":"/ip/Febreze-Small-Spaces-Air-Freshener-Gain-Original-Scent-2-Ct/641058079?athbdg=L1600","canAddToCart":true,"showOptions":false,"showBuyNow":false,"description":"\u003cli\u003ePrevent big-time odors from lingering for 45 days in the air and soft surfaces\u003c/li\u003e\u003cli\u003eDoesn't mask: eliminates odors with up to 4x the scent intensity of the leading cone air freshener\u003c/li\u003e","flag":"Best seller","badge":{"key":"BESTSELLER","text":"Best seller","type":"LABEL","id":"L1600"},"fulfillmentBadges":["Pickup","Delivery","1-day shipping"],"fulfillmentIcon":{"key":"SAVE_WITH_W_PLUS","label":"Save with"},"fulfillmentBadge":"Today","fulfillmentSpeed":["TODAY"],"fulfillmentType":"STORE","groupMetaData":{"groupType":null,"groupSubType":null,"numberOfComponents":0,"groupComponents":null},"id":"0W9W62JLJX21","itemType":null,"usItemId":"641058079","image":"https://i5.walmartimages.com/asr/612bfb81-4a81-4c5b-a73a-28af3db383c0.2c557249d37cc00da64dddaf0b6628e1.jpeg?odnHeight=180\u0026odnWidth=180\u0026odnBg=ffffff","isOutOfStock":false,"esrb":"","mediaRating":"","name":"Febreze Small Spaces Air Freshener, Gain Original Scent, 2 Ct","price":4.94,"preOrder":{"isPreOrder":false,"preOrderMessage":null,"preOrderStreetDateMessage":null},"priceInfo":{"itemPrice":"","linePrice":"$4.94","wasPrice":"","unitPrice":"$2.47/ea","shipPrice":"","minPrice":0,"minPriceForVariant":"","subscriptionPrice":"","subscriptionString":"","priceDisplayCondition":"","finalCostByWeight":false,"submapType":""},"rating":{"averageRating":4.5,"numberOfReviews":680},"salesUnit":"EACH","variantList":[],"isVariantTypeSwatch":false,"brand":null,"manufacturerName":null,"offerId":"45C14C276FEA4952A6BFF61A16AE6E95","fitmentLabel":"","isAtfMarker":false,"sellerId":"F55CDC31AB754BB68FE0B39041159D63","sellerName":"Walmart.com","hasSellerBadge":null,"seller":{"name":"Walmart.com","sellerId":"F55CDC31AB754BB68FE0B39041159D63"},"sponsoredProduct":null,"checkStoreAvailabilityATC":false,"seeShippingEligibility":false,"rewards":null},{"__typename":"Product","availabilityStatusDisplayValue":"In stock","productLocationDisplayValue":null,"externalInfoUrl":"","canonicalUrl":"/ip/Glade-Carpet-and-Room-Clean-Linen-32-OZ/11027608?athbdg=L1600","canAddToCart":true,"showOptions":false,"showBuyNow":false,"description":"\u003cli\u003eEliminates deep-down odors\u003c/li\u003e\u003cli\u003eFreshens your living room, bedroom, and den\u003c/li\u003e\u003cli\u003eEasy to use\u003c/li\u003e","flag":"Best seller","badge":{"key":"BESTSELLER","text":"Best seller","type":"LABEL","id":"L1600"},"fulfillmentBadges":["Pickup","Delivery"],"fulfillmentIcon":{"key":"SAVE_WITH_W_PLUS","label":"Save with"},"fulfillmentBadge":"Today","fulfillmentSpeed":["TODAY"],"fulfillmentType":"STORE","groupMetaData":{"groupType":null,"groupSubType":null,"numberOfComponents":0,"groupComponents":null},"id":"4JCFAKA4990E","itemType":null,"usItemId":"11027608","image":"https://i5.walmartimages.com/asr/0d54323d-c4db-4a72-b30a-6c957667d33c.90667824c041a06fd2fcad8a0bb0c9e3.jpeg?odnHeight=180\u0026odnWidth=180\u0026odnBg=ffffff","isOutOfStock":false,"esrb":"","mediaRating":"","name":"Glade Carpet and Room, Clean Linen, 32 OZ","price":2.18,"preOrder":{"isPreOrder":false,"preOrderMessage":null,"preOrderStreetDateMessage":null},"priceInfo":{"itemPrice":"","linePrice":"$2.18","wasPrice":"","unitPrice":"6.8 ¢/oz","shipPrice":"","minPrice":0,"minPriceForVariant":"","subscriptionPrice":"","subscriptionString":"","priceDisplayCondition":"","finalCostByWeight":false,"submapType":""},"rating":{"averageRating":4.7,"numberOfReviews":506},"salesUnit":"EACH","variantList":[],"isVariantTypeSwatch":false,"brand":null,"manufacturerName":null,"offerId":"8E098F495269490390F4EAC357FF1CD4","fitmentLabel":"","isAtfMarker":false,"sellerId":"F55CDC31AB754BB68FE0B39041159D63","sellerName":"Walmart.com","hasSellerBadge":null,"seller":{"name":"Walmart.com","sellerId":"F55CDC31AB754BB68FE0B39041159D63"},"sponsoredProduct":null,"checkStoreAvailabilityATC":false,"seeShippingEligibility":false,"rewards":null},{"__typename":"Product","availabilityStatusDisplayValue":"In stock","productLocationDisplayValue":null,"externalInfoUrl":"","canonicalUrl":"/ip/Glade-Solid-Air-Freshener-1-CT-Lemon-Fresh-6-OZ-Total/55223623","canAddToCart":true,"showOptions":false,"showBuyNow":false,"description":"\u003cli\u003eAvailable in a wide variety of rich fragrances at great value\u003c/li\u003e\u003cli\u003eCan be easily placed anywhere in the home for continuous, long-lasting freshness\u003c/li\u003e\u003cli\u003eSimple to use solid air freshener\u003c/li\u003e","flag":"","badge":{"text":"","id":"","type":"","key":""},"fulfillmentBadges":["2-day shipping"],"fulfillmentIcon":{"key":"SAVE_WITH_W_PLUS","label":"Save with"},"fulfillmentBadge":"2 days","fulfillmentSpeed":["2 days"],"fulfillmentType":"FC","groupMetaData":{"groupType":null,"groupSubType":null,"numberOfComponents":0,"groupComponents":null},"id":"3S0P657YK368","itemType":null,"usItemId":"55223623","image":"https://i5.walmartimages.com/asr/8bce7469-e7b2-437f-80b4-11cce761e616.84e321f8ac8dfbb1db0e6f62ff0eb5d5.jpeg?odnHeight=180\u0026odnWidth=180\u0026odnBg=ffffff","isOutOfStock":false,"esrb":"","mediaRating":"","name":"Glade Solid Air Freshener 1 CT, Lemon Fresh, 6 OZ. Total","price":0.97,"preOrder":{"isPreOrder":false,"preOrderMessage":null,"preOrderStreetDateMessage":null},"priceInfo":{"itemPrice":"","linePrice":"$0.97","wasPrice":"","unitPrice":"16.2 ¢/oz","shipPrice":"","minPrice":0,"minPriceForVariant":"","subscriptionPrice":"","subscriptionString":"","priceDisplayCondition":"","finalCostByWeight":false,"submapType":""},"rating":{"averageRating":4.4,"numberOfReviews":146},"salesUnit":"EACH","variantList":[],"isVariantTypeSwatch":false,"brand":null,"manufacturerName":null,"offerId":"ED6101A12A774DE4ADB48C3096734283","fitmentLabel":"","isAtfMarker":false,"sellerId":"F55CDC31AB754BB68FE0B39041159D63","sellerName":"Walmart.com","hasSellerBadge":null,"seller":{"name":"Walmart.com","sellerId":"F55CDC31AB754BB68FE0B39041159D63"},"sponsoredProduct":null,"checkStoreAvailabilityATC":false,"seeShippingEligibility":false,"rewards":null},{"__typename":"Product","availabilityStatusDisplayValue":"In stock","productLocationDisplayValue":null,"externalInfoUrl":"","canonicalUrl":"/ip/Febreze-Odor-Eliminating-Air-Freshener-with-Gain-Scent-Island-Fresh-2-Pack-8-8-fl-oz-Each/133006016","canAddToCart":true,"showOptions":false,"showBuyNow":false,"description":"\u003cli\u003eEliminates air odors without masking, leaving nothing behind but a light, fresh scent\u003c/li\u003e\u003cli\u003eYou're always on island time with the tropical citrus and floral scent of Gain Island Fresh\u003c/li\u003e","flag":"","badge":{"text":"","id":"","type":"","key":""},"fulfillmentBadges":["Pickup","Delivery","1-day shipping"],"fulfillmentIcon":{"key":"SAVE_WITH_W_PLUS","label":"Save with"},"fulfillmentBadge":"Today","fulfillmentSpeed":["TODAY"],"fulfillmentType":"STORE","groupMetaData":{"groupType":null,"groupSubType":null,"numberOfComponents":0,"groupComponents":null},"id":"5B2QW93A790O","itemType":null,"usItemId":"133006016","image":"https://i5.walmartimages.com/asr/b6cd2a3a-d388-4bd2-a00e-6187d348e799.9ae2be205f2bf674f75246f84c945a64.jpeg?odnHeight=180\u0026odnWidth=180\u0026odnBg=ffffff","isOutOfStock":false,"esrb":"","mediaRating":"","name":"Febreze Odor-Eliminating Air Freshener with Gain Scent, Island Fresh, 2 Pack, 8.8 fl oz Each","price":4.94,"preOrder":{"isPreOrder":false,"preOrderMessage":null,"preOrderStreetDateMessage":null},"priceInfo":{"itemPrice":"","linePrice":"$4.94","wasPrice":"","unitPrice":"28.1 ¢/oz","shipPrice":"","minPrice":0,"minPriceForVariant":"","subscriptionPrice":"","subscriptionString":"","priceDisplayCondition":"","finalCostByWeight":false,"submapType":""},"rating":{"averageRating":4.7,"numberOfReviews":493},"salesUnit":"EACH","variantList":[],"isVariantTypeSwatch":false,"brand":null,"manufacturerName":null,"offerId":"82DB6E44F585488EB02D1549B67B40BF","fitmentLabel":"","isAtfMarker":false,"sellerId":"F55CDC31AB754BB68FE0B39041159D63","sellerName":"Walmart.com","hasSellerBadge":null,"seller":{"name":"Walmart.com","sellerId":"F55CDC31AB754BB68FE0B39041159D63"},"sponsoredProduct":null,"checkStoreAvailabilityATC":false,"seeShippingEligibility":false,"rewards":null},{"__typename":"Product","availabilityStatusDisplayValue":"In stock","productLocationDisplayValue":null,"externalInfoUrl":"","canonicalUrl":"/ip/Renuzit-Adjustable-Solid-Gel-Air-Freshener-Cone-Apple-Cinnamon-Nonstop-Freshness-7-Ounces-1-Cone/11027261","canAddToCart":true,"showOptions":false,"showBuyNow":false,"description":"\u003cli\u003eRenuzit solid air freshener cones feature the fragrance of a delightfully warm blend of red apples, cinnamon and cloves\u003c/li\u003e\u003cli\u003eThe Blissful Apple \u0026 Cinnamon air freshener adds the ultimate\u003c/li\u003e","flag":"","badge":{"text":"","id":"","type":"","key":""},"fulfillmentBadges":["Pickup"],"fulfillmentBadge":"Today","fulfillmentSpeed":["TODAY"],"fulfillmentType":"STORE","groupMetaData":{"groupType":null,"groupSubType":null,"numberOfComponents":0,"groupComponents":null},"id":"44H2KW9F74G2","itemType":null,"usItemId":"11027261","image":"https://i5.walmartimages.com/asr/9e2e504c-161d-4776-9688-190bcef08d47.f1eb55d54d2b9ee755b13876dd1471cf.png?odnHeight=180\u0026odnWidth=180\u0026odnBg=ffffff","isOutOfStock":false,"esrb":"","mediaRating":"","name":"Renuzit Adjustable Solid Gel Air Freshener Cone, Apple \u0026 Cinnamon, Nonstop Freshness, 7 Ounces, 1 Cone","price":0.97,"preOrder":{"isPreOrder":false,"preOrderMessage":null,"preOrderStreetDateMessage":null},"priceInfo":{"itemPrice":"","linePrice":"$0.97","wasPrice":"","unitPrice":"","shipPrice":"","minPrice":0,"minPriceForVariant":"","subscriptionPrice":"","subscriptionString":"","priceDisplayCondition":"","finalCostByWeight":false,"submapType":""},"rating":{"averageRating":4.4,"numberOfReviews":133},"salesUnit":"EACH","variantList":[],"isVariantTypeSwatch":false,"brand":null,"manufacturerName":null,"offerId":"A06D29FC9A714FE68C8B5D1D8089ECA3","fitmentLabel":"","isAtfMarker":false,"sellerId":"F55CDC31AB754BB68FE0B39041159D63","sellerName":"Walmart.com","hasSellerBadge":null,"seller":{"name":"Walmart.com","sellerId":"F55CDC31AB754BB68FE0B39041159D63"},"sponsoredProduct":null,"checkStoreAvailabilityATC":false,"seeShippingEligibility":false,"rewards":null},{"__typename":"Product","availabilityStatusDisplayValue":"In stock","productLocationDisplayValue":null,"externalInfoUrl":"","canonicalUrl":"/ip/Renuzit-Adjustable-Solid-Gel-Air-Freshener-Cone-Forever-Raspberry-Nonstop-Freshness-7-Ounces-1-Cone/11027260","canAddToCart":true,"showOptions":false,"showBuyNow":false,"description":"\u003cli\u003eRenuzit solid air freshener cones feature the fragrance of freshly-picked raspberries\u003c/li\u003e\u003cli\u003eThe Forever Raspberry air freshener adds the ultimate comforting touch to every room, particularly\u003c/li\u003e","flag":"","badge":{"text":"","id":"","type":"","key":""},"fulfillmentBadges":["Pickup"],"fulfillmentBadge":"Today","fulfillmentSpeed":["TODAY"],"fulfillmentType":"STORE","groupMetaData":{"groupType":null,"groupSubType":null,"numberOfComponents":0,"groupComponents":null},"id":"5WTX568O8XYE","itemType":null,"usItemId":"11027260","image":"https://i5.walmartimages.com/asr/caac9f60-dc32-49d8-813c-4867c959bd3b.0d275fe03a4f868b0d9503d73d22ca9f.png?odnHeight=180\u0026odnWidth=180\u0026odnBg=ffffff","isOutOfStock":false,"esrb":"","mediaRating":"","name":"Renuzit Adjustable Solid Gel Air Freshener Cone, Forever Raspberry, Nonstop Freshness, 7 Ounces, 1 Cone","price":0.97,"preOrder":{"isPreOrder":false,"preOrderMessage":null,"preOrderStreetDateMessage":null},"priceInfo":{"itemPrice":"","linePrice":"$0.97","wasPrice":"","unitPrice":"","shipPrice":"","minPrice":0,"minPriceForVariant":"","subscriptionPrice":"","subscriptionString":"","priceDisplayCondition":"","finalCostByWeight":false,"submapType":""},"rating":{"averageRating":4.4,"numberOfReviews":143},"salesUnit":"EACH","variantList":[],"isVariantTypeSwatch":false,"brand":null,"manufacturerName":null,"offerId":"E955DE51CCA14058B00369895263BAA3","fitmentLabel":"","isAtfMarker":false,"sellerId":"F55CDC31AB754BB68FE0B39041159D63","sellerName":"Walmart.com","hasSellerBadge":null,"seller":{"name":"Walmart.com","sellerId":"F55CDC31AB754BB68FE0B39041159D63"},"sponsoredProduct":null,"checkStoreAvailabilityATC":false,"seeShippingEligibility":false,"rewards":null},{"__typename":"Product","availabilityStatusDisplayValue":"In stock","productLocationDisplayValue":null,"externalInfoUrl":"","canonicalUrl":"/ip/Air-Wick-Plug-in-Scented-Oil-Warmer-2-ct-White-color-Air-Freshener-Essential-Oils/14284640?athbdg=L1600","canAddToCart":true,"showOptions":false,"showBuyNow":false,"description":"\u003cli\u003eInfused with 100% natural essential oils for a better fragrance experience. Provides up to 60 days of continuous and long lasting fragrance per refill on low setting. Use in any room: living room,\u003c/li\u003e","flag":"Best seller","badge":{"key":"BESTSELLER","text":"Best seller","type":"LABEL","id":"L1600"},"fulfillmentBadges":["Pickup","Delivery","2-day shipping"],"fulfillmentIcon":{"key":"SAVE_WITH_W_PLUS","label":"Save with"},"fulfillmentBadge":"Today","fulfillmentSpeed":["TODAY"],"fulfillmentType":"STORE","groupMetaData":{"groupType":null,"groupSubType":null,"numberOfComponents":0,"groupComponents":null},"id":"422ISHZP00Z9","itemType":null,"usItemId":"14284640","image":"https://i5.walmartimages.com/asr/1f79b446-bc13-4b9f-8dbb-53bd20ddd4f5.a027d3ce4c81039e765cd80c61039d13.jpeg?odnHeight=180\u0026odnWidth=180\u0026odnBg=ffffff","isOutOfStock":false,"esrb":"","mediaRating":"","name":"Air Wick Plug in Scented Oil Warmer, 2 ct, White color, Air Freshener, Essential Oils","price":3.48,"preOrder":{"isPreOrder":false,"preOrderMessage":null,"preOrderStreetDateMessage":null},"priceInfo":{"itemPrice":"","linePrice":"$3.48","wasPrice":"","unitPrice":"$1.74/ea","shipPrice":"","minPrice":0,"minPriceForVariant":"","subscriptionPrice":"","subscriptionString":"","priceDisplayCondition":"","finalCostByWeight":false,"submapType":""},"rating":{"averageRating":4.6,"numberOfReviews":312},"salesUnit":"EACH","variantList":[],"isVariantTypeSwatch":false,"brand":null,"manufacturerName":null,"offerId":"9A32EBFCC8874DDDA2413551AEB24102","fitmentLabel":"","isAtfMarker":false,"sellerId":"F55CDC31AB754BB68FE0B39041159D63","sellerName":"Walmart.com","hasSellerBadge":null,"seller":{"name":"Walmart.com","sellerId":"F55CDC31AB754BB68FE0B39041159D63"},"sponsoredProduct":null,"checkStoreAvailabilityATC":false,"seeShippingEligibility":false,"rewards":null},{"__typename":"Product","availabilityStatusDisplayValue":"In stock","productLocationDisplayValue":null,"externalInfoUrl":"","canonicalUrl":"/ip/Air-Wick-Plug-in-Scented-Oil-Refill-2-ct-Hibiscus-and-Blooming-Orchids-Air-Freshener-Essential-Oils-Spring-Collection/466033736","canAddToCart":true,"showOptions":false,"showBuyNow":false,"description":"\u003cli\u003eInfused with natural essential oils for a better fragrance experience. Provides up to 60 days of continuous and long lasting fragrance per refill on low setting. Use in any room: living room,\u003c/li\u003e","flag":"","badge":{"text":"","id":"","type":"","key":""},"fulfillmentBadges":["Pickup","Delivery"],"fulfillmentIcon":{"key":"SAVE_WITH_W_PLUS","label":"Save with"},"fulfillmentBadge":"Today","fulfillmentSpeed":["TODAY"],"fulfillmentType":"STORE","groupMetaData":{"groupType":null,"groupSubType":null,"numberOfComponents":0,"groupComponents":null},"id":"68MHZLPHBKGY","itemType":null,"usItemId":"466033736","image":"https://i5.walmartimages.com/asr/f10aaff4-6ce2-4305-a549-8e1a159492d3.0fd3612b25571f792048062205d5d7d3.jpeg?odnHeight=180\u0026odnWidth=180\u0026odnBg=ffffff","isOutOfStock":false,"esrb":"","mediaRating":"","name":"Air Wick Plug in Scented Oil Refill, 2 ct, Hibiscus and Blooming Orchids, Air Freshener, Essential Oils, Spring Collection","price":5.48,"preOrder":{"isPreOrder":false,"preOrderMessage":null,"preOrderStreetDateMessage":null},"priceInfo":{"itemPrice":"","linePrice":"$5.48","wasPrice":"","unitPrice":"$2.74/ea","shipPrice":"","minPrice":0,"minPriceForVariant":"","subscriptionPrice":"","subscriptionString":"","priceDisplayCondition":"","finalCostByWeight":false,"submapType":""},"rating":{"averageRating":4.2,"numberOfReviews":11},"salesUnit":"EACH","variantList":[],"isVariantTypeSwatch":false,"brand":null,"manufacturerName":null,"offerId":"E84D751EFBC548B9813DBD4D9A244BA2","fitmentLabel":"","isAtfMarker":false,"sellerId":"F55CDC31AB754BB68FE0B39041159D63","sellerName":"Walmart.com","hasSellerBadge":null,"seller":{"name":"Walmart.com","sellerId":"F55CDC31AB754BB68FE0B39041159D63"},"sponsoredProduct":null,"checkStoreAvailabilityATC":false,"seeShippingEligibility":false,"rewards":null},{"__typename":"Product","availabilityStatusDisplayValue":"In stock","productLocationDisplayValue":null,"externalInfoUrl":"","canonicalUrl":"/ip/Glade-Air-Freshener-Room-Spray-Aqua-Waves-8-oz-1-Ct/930931423","canAddToCart":true,"showOptions":false,"showBuyNow":false,"description":"\u003cli\u003eGlade Aqua Waves Room Spray is infused with essential oils that instantly freshen the air\u003c/li\u003e\u003cli\u003eCrafted with notes of sparkling mandarin, sea salt, tropical flowers, blue lavender and jasmine\u003c/li\u003e","flag":"","badge":{"text":"","id":"","type":"","key":""},"fulfillmentBadges":["Pickup","Delivery","2-day shipping"],"fulfillmentIcon":{"key":"SAVE_WITH_W_PLUS","label":"Save with"},"fulfillmentBadge":"Today","fulfillmentSpeed":["TODAY"],"fulfillmentType":"STORE","groupMetaData":{"groupType":null,"groupSubType":null,"numberOfComponents":0,"groupComponents":null},"id":"1LPUET77HFWZ","itemType":null,"usItemId":"930931423","image":"https://i5.walmartimages.com/asr/0b12a26d-c2c2-4798-b4c3-300ebc90f5bb.e93dc996771dfc1b572bcaf5a8f33839.jpeg?odnHeight=180\u0026odnWidth=180\u0026odnBg=ffffff","isOutOfStock":false,"esrb":"","mediaRating":"","name":"Glade Air Freshener Room Spray, Aqua Waves, 8 oz, 1 Ct","price":0.97,"preOrder":{"isPreOrder":false,"preOrderMessage":null,"preOrderStreetDateMessage":null},"priceInfo":{"itemPrice":"","linePrice":"$0.97","wasPrice":"","unitPrice":"12.1 ¢/fl oz","shipPrice":"","minPrice":0,"minPriceForVariant":"","subscriptionPrice":"","subscriptionString":"","priceDisplayCondition":"","finalCostByWeight":false,"submapType":""},"rating":{"averageRating":4.4,"numberOfReviews":110},"salesUnit":"EACH","variantList":[],"isVariantTypeSwatch":false,"brand":null,"manufacturerName":null,"offerId":"0F6C10DBB84D4A1E8EC1376B221318D0","fitmentLabel":"","isAtfMarker":false,"sellerId":"F55CDC31AB754BB68FE0B39041159D63","sellerName":"Walmart.com","hasSellerBadge":null,"seller":{"name":"Walmart.com","sellerId":"F55CDC31AB754BB68FE0B39041159D63"},"sponsoredProduct":null,"checkStoreAvailabilityATC":false,"seeShippingEligibility":false,"rewards":null},{"__typename":"Product","availabilityStatusDisplayValue":"In stock","productLocationDisplayValue":null,"externalInfoUrl":"","canonicalUrl":"/ip/Febreze-Odor-Eliminating-Fade-Defy-Plug-Air-Freshener-2-Ct/16816413?athbdg=L1600","canAddToCart":true,"showOptions":false,"showBuyNow":false,"description":"\u003cli\u003eIncludes(2)Febreze PLUGwarmers with Fade Defy Technology\u003c/li\u003e\u003cli\u003eDelivers a first-day freshness thatlasts50 days(on low)with digitally controlled scent release\u003c/li\u003e\u003cli\u003eLow-level indicator light\u003c/li\u003e","flag":"Best seller","badge":{"key":"BESTSELLER","text":"Best seller","type":"LABEL","id":"L1600"},"fulfillmentBadges":["Pickup","Delivery","1-day shipping"],"fulfillmentIcon":{"key":"SAVE_WITH_W_PLUS","label":"Save with"},"fulfillmentBadge":"Today","fulfillmentSpeed":["TODAY"],"fulfillmentType":"STORE","groupMetaData":{"groupType":null,"groupSubType":null,"numberOfComponents":0,"groupComponents":null},"id":"1927P1OCWFM8","itemType":null,"usItemId":"16816413","image":"https://i5.walmartimages.com/asr/fc4f4709-89ea-4f50-961e-a9e9f73c069a.1c8c3380a848800adf7776a56614c9a0.jpeg?odnHeight=180\u0026odnWidth=180\u0026odnBg=ffffff","isOutOfStock":false,"esrb":"","mediaRating":"","name":"FebrezeOdor-Eliminating Fade Defy PlugAir Freshener, 2 Ct","price":5.57,"preOrder":{"isPreOrder":false,"preOrderMessage":null,"preOrderStreetDateMessage":null},"priceInfo":{"itemPrice":"","linePrice":"$5.57","wasPrice":"","unitPrice":"$2.79/ea","shipPrice":"","minPrice":0,"minPriceForVariant":"","subscriptionPrice":"","subscriptionString":"","priceDisplayCondition":"","finalCostByWeight":false,"submapType":""},"rating":{"averageRating":4.3,"numberOfReviews":308},"salesUnit":"EACH","variantList":[],"isVariantTypeSwatch":false,"brand":null,"manufacturerName":null,"offerId":"F91662BB090E4F6CA01DDE6EB28F7C8D","fitmentLabel":"","isAtfMarker":false,"sellerId":"F55CDC31AB754BB68FE0B39041159D63","sellerName":"Walmart.com","hasSellerBadge":null,"seller":{"name":"Walmart.com","sellerId":"F55CDC31AB754BB68FE0B39041159D63"},"sponsoredProduct":null,"checkStoreAvailabilityATC":false,"seeShippingEligibility":false,"rewards":null},{"__typename":"Product","availabilityStatusDisplayValue":"In stock","productLocationDisplayValue":null,"externalInfoUrl":"","canonicalUrl":"/ip/Febreze-Unstopables-Touch-Fabric-Spray-and-Odor-Eliminator-Breeze-27-oz/781594750","canAddToCart":true,"showOptions":false,"showBuyNow":false,"description":"\u003cli\u003eGet a burst of freshness with every touch thanks to Febreze Unstopables Touch Fabric Spray\u003c/li\u003e\u003cli\u003eBreakthrough touch-activated technology stores scent in your fabrics so you can eliminate odors\u003c/li\u003e","flag":"","badge":{"text":"","id":"","type":"","key":""},"fulfillmentBadges":["Pickup","Delivery","1-day shipping"],"fulfillmentIcon":{"key":"SAVE_WITH_W_PLUS","label":"Save with"},"fulfillmentBadge":"Today","fulfillmentSpeed":["TODAY"],"fulfillmentType":"STORE","groupMetaData":{"groupType":null,"groupSubType":null,"numberOfComponents":0,"groupComponents":null},"id":"74HYDX7KU3GM","itemType":null,"usItemId":"781594750","image":"https://i5.walmartimages.com/asr/1c3635a7-08c7-4171-84ac-834a056b6465.4728634ad253d06ec8ee3e49a4090e55.jpeg?odnHeight=180\u0026odnWidth=180\u0026odnBg=ffffff","isOutOfStock":false,"esrb":"","mediaRating":"","name":"Febreze Unstopables Touch Fabric Spray and Odor Eliminator, Breeze, 27 oz","price":6.94,"preOrder":{"isPreOrder":false,"preOrderMessage":null,"preOrderStreetDateMessage":null},"priceInfo":{"itemPrice":"","linePrice":"$6.94","wasPrice":"","unitPrice":"$6.94/fl oz","shipPrice":"","minPrice":0,"minPriceForVariant":"","subscriptionPrice":"","subscriptionString":"","priceDisplayCondition":"","finalCostByWeight":false,"submapType":""},"rating":{"averageRating":4.7,"numberOfReviews":133},"salesUnit":"EACH","variantList":[],"isVariantTypeSwatch":false,"brand":null,"manufacturerName":null,"offerId":"EF7FC197B53142ABA1725094217F2398","fitmentLabel":"","isAtfMarker":false,"sellerId":"F55CDC31AB754BB68FE0B39041159D63","sellerName":"Walmart.com","hasSellerBadge":null,"seller":{"name":"Walmart.com","sellerId":"F55CDC31AB754BB68FE0B39041159D63"},"sponsoredProduct":null,"checkStoreAvailabilityATC":false,"seeShippingEligibility":false,"rewards":null},{"__typename":"Product","availabilityStatusDisplayValue":"In stock","productLocationDisplayValue":null,"externalInfoUrl":"","canonicalUrl":"/ip/Febreze-Odor-Eliminating-Fade-Defy-PLUG-Air-Freshener-Watermelon-1-87-fl-oz-Oil-Refill/588164728","canAddToCart":true,"showOptions":false,"showBuyNow":false,"description":"\u003cli\u003eIncludes (1) scented oil refill for Febreze Fade Defy PLUG Air Freshener\u003c/li\u003e\u003cli\u003eFade Defy Technology delivers a first-day freshness that lasts 50 days (on low)\u003c/li\u003e","flag":"","badge":{"text":"","id":"","type":"","key":""},"fulfillmentBadges":["Pickup","Delivery"],"fulfillmentIcon":{"key":"SAVE_WITH_W_PLUS","label":"Save with"},"fulfillmentBadge":"Today","fulfillmentSpeed":["TODAY"],"fulfillmentType":"STORE","groupMetaData":{"groupType":null,"groupSubType":null,"numberOfComponents":0,"groupComponents":null},"id":"0S2YA70OGML2","itemType":null,"usItemId":"588164728","image":"https://i5.walmartimages.com/asr/d4f4b6aa-76e1-44c8-8010-c418d5c264ae.2ea2163cf161a823c2a0828afef3b394.jpeg?odnHeight=180\u0026odnWidth=180\u0026odnBg=ffffff","isOutOfStock":false,"esrb":"","mediaRating":"","name":"Febreze Odor-Eliminating Fade Defy PLUG Air Freshener Watermelon, (1) .87 fl. oz. Oil Refill","price":5.94,"preOrder":{"isPreOrder":false,"preOrderMessage":null,"preOrderStreetDateMessage":null},"priceInfo":{"itemPrice":"","linePrice":"$5.94","wasPrice":"","unitPrice":"$6.83/fl oz","shipPrice":"","minPrice":0,"minPriceForVariant":"","subscriptionPrice":"","subscriptionString":"","priceDisplayCondition":"","finalCostByWeight":false,"submapType":""},"rating":{"averageRating":4.8,"numberOfReviews":108},"salesUnit":"EACH","variantList":[],"isVariantTypeSwatch":false,"brand":null,"manufacturerName":null,"offerId":"9A6EDF7B9E3D4A53A07C089706FAAE08","fitmentLabel":"","isAtfMarker":false,"sellerId":"F55CDC31AB754BB68FE0B39041159D63","sellerName":"Walmart.com","hasSellerBadge":null,"seller":{"name":"Walmart.com","sellerId":"F55CDC31AB754BB68FE0B39041159D63"},"sponsoredProduct":null,"checkStoreAvailabilityATC":false,"seeShippingEligibility":false,"rewards":null},{"__typename":"Product","availabilityStatusDisplayValue":"In stock","productLocationDisplayValue":null,"externalInfoUrl":"","canonicalUrl":"/ip/Glade-Aerosol-Spray-Glade-Air-Freshener-Bubbly-Berry-Splash-8-oz/314932395","canAddToCart":true,"showOptions":false,"showBuyNow":false,"description":"\u003cli\u003eEnergize the mood with instant fresh fragrance air freshener spray\u003c/li\u003e\u003cli\u003eHave fun with the air with Glade spray air freshener for instant fresh fragrance\u003c/li\u003e\u003cli\u003eRoom spray with notes of\u003c/li\u003e","flag":"","badge":{"text":"","id":"","type":"","key":""},"fulfillmentBadges":["Pickup","Delivery","2-day shipping"],"fulfillmentIcon":{"key":"SAVE_WITH_W_PLUS","label":"Save with"},"fulfillmentBadge":"Today","fulfillmentSpeed":["TODAY"],"fulfillmentType":"STORE","groupMetaData":{"groupType":null,"groupSubType":null,"numberOfComponents":0,"groupComponents":null},"id":"4ZI868ZFORMF","itemType":null,"usItemId":"314932395","image":"https://i5.walmartimages.com/asr/7ccf5f60-874e-4819-8975-22e285b420fb.c8f6e975c49098342cc6efab6bf356c1.jpeg?odnHeight=180\u0026odnWidth=180\u0026odnBg=ffffff","isOutOfStock":false,"esrb":"","mediaRating":"","name":"Glade Aerosol Spray, Glade Air Freshener, Bubbly Berry Splash, 8 oz","price":0.97,"preOrder":{"isPreOrder":false,"preOrderMessage":null,"preOrderStreetDateMessage":null},"priceInfo":{"itemPrice":"","linePrice":"$0.97","wasPrice":"","unitPrice":"12.1 ¢/oz","shipPrice":"","minPrice":0,"minPriceForVariant":"","subscriptionPrice":"","subscriptionString":"","priceDisplayCondition":"","finalCostByWeight":false,"submapType":""},"rating":{"averageRating":4.5,"numberOfReviews":123},"salesUnit":"EACH","variantList":[],"isVariantTypeSwatch":false,"brand":null,"manufacturerName":null,"offerId":"394ED90E386A4B0CB35D91FB93765194","fitmentLabel":"","isAtfMarker":false,"sellerId":"F55CDC31AB754BB68FE0B39041159D63","sellerName":"Walmart.com","hasSellerBadge":null,"seller":{"name":"Walmart.com","sellerId":"F55CDC31AB754BB68FE0B39041159D63"},"sponsoredProduct":null,"checkStoreAvailabilityATC":false,"seeShippingEligibility":false,"rewards":null},{"__typename":"Product","availabilityStatusDisplayValue":"In stock","productLocationDisplayValue":null,"externalInfoUrl":"","canonicalUrl":"/ip/Febreze-Light-Small-Spaces-Air-Freshener-Lavender-2-Count/597994803","canAddToCart":true,"showOptions":false,"showBuyNow":false,"description":"\u003cli\u003eFebreze LIGHT Small Spaces Air Freshener gently eliminates odors with no heavy perfumes\u003c/li\u003e\u003cli\u003eContinuous room refresher discreetly eliminates bad smells for 45 days\u003c/li\u003e","flag":"","badge":{"text":"","id":"","type":"","key":""},"fulfillmentBadges":["Pickup","Delivery","2-day shipping"],"fulfillmentIcon":{"key":"SAVE_WITH_W_PLUS","label":"Save with"},"fulfillmentBadge":"Today","fulfillmentSpeed":["TODAY"],"fulfillmentType":"STORE","groupMetaData":{"groupType":null,"groupSubType":null,"numberOfComponents":0,"groupComponents":null},"id":"4CONDXFXPJAX","itemType":null,"usItemId":"597994803","image":"https://i5.walmartimages.com/asr/f6cbde0b-4c0e-4723-96ea-12edaf3a6249.56459b5362ffa3ec3d0b6cf8971e9288.jpeg?odnHeight=180\u0026odnWidth=180\u0026odnBg=ffffff","isOutOfStock":false,"esrb":"","mediaRating":"","name":"Febreze Light Small Spaces Air Freshener Lavender, 2 Count","price":4.94,"preOrder":{"isPreOrder":false,"preOrderMessage":null,"preOrderStreetDateMessage":null},"priceInfo":{"itemPrice":"","linePrice":"$4.94","wasPrice":"","unitPrice":"$9.88/fl oz","shipPrice":"","minPrice":0,"minPriceForVariant":"","subscriptionPrice":"","subscriptionString":"","priceDisplayCondition":"","finalCostByWeight":false,"submapType":""},"rating":{"averageRating":4.4,"numberOfReviews":191},"salesUnit":"EACH","variantList":[],"isVariantTypeSwatch":false,"brand":null,"manufacturerName":null,"offerId":"B291E9B3EEF148DC94EBCA0CAD5D35A7","fitmentLabel":"","isAtfMarker":false,"sellerId":"F55CDC31AB754BB68FE0B39041159D63","sellerName":"Walmart.com","hasSellerBadge":null,"seller":{"name":"Walmart.com","sellerId":"F55CDC31AB754BB68FE0B39041159D63"},"sponsoredProduct":null,"checkStoreAvailabilityATC":false,"seeShippingEligibility":false,"rewards":null},{"__typename":"Product","availabilityStatusDisplayValue":"In stock","productLocationDisplayValue":null,"externalInfoUrl":"","canonicalUrl":"/ip/Fresh-Linen-Odor-Absorbing-Gel-15-Ounce/23816397","canAddToCart":true,"showOptions":false,"showBuyNow":false,"description":"\u003cli\u003eEmits a light, pleasant fragrance while eliminating odors\u003c/li\u003e\u003cli\u003ePerfect for the home or office\u003c/li\u003e","flag":"","badge":{"text":"","id":"","type":"","key":""},"fulfillmentBadges":["1-day shipping"],"fulfillmentIcon":{"key":"SAVE_WITH_W_PLUS","label":"Save with"},"fulfillmentBadge":"Tomorrow","fulfillmentSpeed":["TOMORROW"],"fulfillmentType":"FC","groupMetaData":{"groupType":null,"groupSubType":null,"numberOfComponents":0,"groupComponents":null},"id":"6E869UKUSL1E","itemType":null,"usItemId":"23816397","image":"https://i5.walmartimages.com/asr/0418626a-4305-4413-a594-09bc66bf07a3_1.6e03fe666b16269e40532fc5af6492da.jpeg?odnHeight=180\u0026odnWidth=180\u0026odnBg=ffffff","isOutOfStock":false,"esrb":"","mediaRating":"","name":"Fresh Linen Odor Absorbing Gel, 15 Ounce","price":3.47,"preOrder":{"isPreOrder":false,"preOrderMessage":null,"preOrderStreetDateMessage":null},"priceInfo":{"itemPrice":"","linePrice":"$3.47","wasPrice":"","unitPrice":"23.1 ¢/oz","shipPrice":"","minPrice":0,"minPriceForVariant":"","subscriptionPrice":"","subscriptionString":"","priceDisplayCondition":"","finalCostByWeight":false,"submapType":""},"rating":{"averageRating":4.2,"numberOfReviews":73},"salesUnit":"EACH","variantList":[],"isVariantTypeSwatch":false,"brand":null,"manufacturerName":null,"offerId":"B04F0BE56F1D4352BBE0E69527010177","fitmentLabel":"","isAtfMarker":false,"sellerId":"F55CDC31AB754BB68FE0B39041159D63","sellerName":"Walmart.com","hasSellerBadge":null,"seller":{"name":"Walmart.com","sellerId":"F55CDC31AB754BB68FE0B39041159D63"},"sponsoredProduct":null,"checkStoreAvailabilityATC":false,"seeShippingEligibility":false,"rewards":null},{"__typename":"Product","availabilityStatusDisplayValue":"In stock","productLocationDisplayValue":null,"externalInfoUrl":"","canonicalUrl":"/ip/Renuzit-Adjustable-Solid-Gel-Air-Freshener-Cones-Lovely-Lavender-Nonstop-Freshness-7-Ounces-1-Cone/27140952","canAddToCart":true,"showOptions":false,"showBuyNow":false,"description":"\u003cli\u003eRenuzit solid air freshener cones feature the fragrance of relaxing lavender\u003c/li\u003e\u003cli\u003eThe Lovely Lavender air freshener adds the ultimate comforting touch to every room, particularly your small\u003c/li\u003e","flag":"","badge":{"text":"","id":"","type":"","key":""},"fulfillmentBadges":["Pickup"],"fulfillmentBadge":"Today","fulfillmentSpeed":["TODAY"],"fulfillmentType":"STORE","groupMetaData":{"groupType":null,"groupSubType":null,"numberOfComponents":0,"groupComponents":null},"id":"53CK18A7GMTH","itemType":null,"usItemId":"27140952","image":"https://i5.walmartimages.com/asr/7ac35112-b5c5-467d-8a84-7d495387c715.55ea7aa7cc52a38ece1587bfe6a32f30.png?odnHeight=180\u0026odnWidth=180\u0026odnBg=ffffff","isOutOfStock":false,"esrb":"","mediaRating":"","name":"Renuzit Adjustable Solid Gel Air Freshener Cones, Lovely Lavender, Nonstop Freshness, 7 Ounces, 1 Cone","price":0.97,"preOrder":{"isPreOrder":false,"preOrderMessage":null,"preOrderStreetDateMessage":null},"priceInfo":{"itemPrice":"","linePrice":"$0.97","wasPrice":"","unitPrice":"13.9 ¢/oz","shipPrice":"","minPrice":0,"minPriceForVariant":"","subscriptionPrice":"","subscriptionString":"","priceDisplayCondition":"","finalCostByWeight":false,"submapType":""},"rating":{"averageRating":4.7,"numberOfReviews":361},"salesUnit":"EACH","variantList":[],"isVariantTypeSwatch":false,"brand":null,"manufacturerName":null,"offerId":"97D4B573BCFE41F09D8AF6873CE0240E","fitmentLabel":"","isAtfMarker":false,"sellerId":"F55CDC31AB754BB68FE0B39041159D63","sellerName":"Walmart.com","hasSellerBadge":null,"seller":{"name":"Walmart.com","sellerId":"F55CDC31AB754BB68FE0B39041159D63"},"sponsoredProduct":null,"checkStoreAvailabilityATC":false,"seeShippingEligibility":false,"rewards":null},{"__typename":"Product","availabilityStatusDisplayValue":"In stock","productLocationDisplayValue":null,"externalInfoUrl":"","canonicalUrl":"/ip/Air-Wick-Essential-Mist-Vanilla-Pink-Papaya-1-Count-Refill/109498921","canAddToCart":true,"showOptions":false,"showBuyNow":false,"description":"\u003cli\u003eFragrance infused with natural essential oils for a better fragrance experience. Provides up to 45 days of continuous and long lasting fragrance per refill on low setting. Use in any room: living\u003c/li\u003e","flag":"","badge":{"text":"","id":"","type":"","key":""},"fulfillmentBadges":["Pickup","Delivery","3+ day shipping"],"fulfillmentIcon":{"key":"SAVE_WITH_W_PLUS","label":"Save with"},"fulfillmentBadge":"Today","fulfillmentSpeed":["TODAY"],"fulfillmentType":"STORE","groupMetaData":{"groupType":null,"groupSubType":null,"numberOfComponents":0,"groupComponents":null},"id":"45IQL467HCK2","itemType":null,"usItemId":"109498921","image":"https://i5.walmartimages.com/asr/7e51920a-bd42-4281-bd48-88ebaf4222a7.2498b6ffa9394dbf1582fba893d8a699.jpeg?odnHeight=180\u0026odnWidth=180\u0026odnBg=ffffff","isOutOfStock":false,"esrb":"","mediaRating":"","name":"Air Wick Essential Mist Vanilla Pink Papaya, 1 Count Refill","price":5.48,"preOrder":{"isPreOrder":false,"preOrderMessage":null,"preOrderStreetDateMessage":null},"priceInfo":{"itemPrice":"","linePrice":"$5.48","wasPrice":"","unitPrice":"","shipPrice":"","minPrice":0,"minPriceForVariant":"","subscriptionPrice":"","subscriptionString":"","priceDisplayCondition":"","finalCostByWeight":false,"submapType":""},"rating":{"averageRating":4.8,"numberOfReviews":31},"salesUnit":"EACH","variantList":[],"isVariantTypeSwatch":false,"brand":null,"manufacturerName":null,"offerId":"816D98F501B34BCD8ADDF72BC5134342","fitmentLabel":"","isAtfMarker":false,"sellerId":"F55CDC31AB754BB68FE0B39041159D63","sellerName":"Walmart.com","hasSellerBadge":null,"seller":{"name":"Walmart.com","sellerId":"F55CDC31AB754BB68FE0B39041159D63"},"sponsoredProduct":null,"checkStoreAvailabilityATC":false,"seeShippingEligibility":false,"rewards":null},{"__typename":"Product","availabilityStatusDisplayValue":"In stock","productLocationDisplayValue":null,"externalInfoUrl":"","canonicalUrl":"/ip/Glade-Sheer-Vanilla-Embrace-Room-Spray-Air-Freshener-8-oz/26966556","canAddToCart":true,"showOptions":false,"showBuyNow":false,"description":"\u003cli\u003eA warm blossoming invitation to close your eyes and drift\u003c/li\u003e\u003cli\u003eThe totally re-designed Glade Sheer Vanilla Embrace Room Spray provides up to 7 hours of freshness per use\u003c/li\u003e\u003cli\u003eFights tough\u003c/li\u003e","flag":"","badge":{"text":"","id":"","type":"","key":""},"fulfillmentBadges":["3+ day shipping"],"fulfillmentBadge":"","fulfillmentSpeed":[],"fulfillmentType":"MARKETPLACE","groupMetaData":{"groupType":null,"groupSubType":null,"numberOfComponents":0,"groupComponents":null},"id":"1M70CFFJBE5D","itemType":null,"usItemId":"26966556","image":"https://i5.walmartimages.com/asr/84e656e5-18ae-4465-a384-b5342d564d17_1.1d4029f63932938ed3cbd79d32b852aa.jpeg?odnHeight=180\u0026odnWidth=180\u0026odnBg=ffffff","isOutOfStock":false,"esrb":"","mediaRating":"","name":"Glade Sheer Vanilla Embrace Room Spray Air Freshener, 8 oz","price":15.55,"preOrder":{"isPreOrder":false,"preOrderMessage":null,"preOrderStreetDateMessage":null},"priceInfo":{"itemPrice":"","linePrice":"$15.55","wasPrice":"","unitPrice":"","shipPrice":"","minPrice":0,"minPriceForVariant":"","subscriptionPrice":"","subscriptionString":"","priceDisplayCondition":"","finalCostByWeight":false,"submapType":""},"rating":{"averageRating":4.4,"numberOfReviews":83},"salesUnit":"EACH","variantList":[],"isVariantTypeSwatch":false,"brand":null,"manufacturerName":null,"offerId":"711691798DD24B29829067B32ADC6C9C","fitmentLabel":"","isAtfMarker":false,"sellerId":"7389F6C52928400EBA153C00DD4D149C","sellerName":"Overstock Drugstore","hasSellerBadge":null,"seller":{"name":"Overstock Drugstore","sellerId":"7389F6C52928400EBA153C00DD4D149C"},"sponsoredProduct":null,"checkStoreAvailabilityATC":false,"seeShippingEligibility":false,"rewards":null},{"__typename":"Product","availabilityStatusDisplayValue":"Out of stock","productLocationDisplayValue":null,"externalInfoUrl":"","canonicalUrl":"/ip/Febreze-Odor-Eliminating-Melt-Air-Freshener-Refills-Ocean-8-Ct/977415706","canAddToCart":false,"showOptions":false,"showBuyNow":false,"description":"\u003cli\u003eDoesn't just mask, cleans away odors\u003c/li\u003e\u003cli\u003eFebreze MELTS (formerly Febreze Wax Melts) cleans away odors and releases a light, fresh scent for hours when melted in a wax melt warmer\u003c/li\u003e","flag":"","badge":{"text":"","id":"","type":"","key":""},"fulfillmentBadges":[],"fulfillmentBadge":"","fulfillmentSpeed":[],"fulfillmentType":"STORE","groupMetaData":{"groupType":null,"groupSubType":null,"numberOfComponents":0,"groupComponents":null},"id":"4HJNBNM5F3LK","itemType":null,"usItemId":"977415706","image":"https://i5.walmartimages.com/asr/821ac23b-5db2-4be4-8783-9999576989b8.fa52f78d06167bfd06747c10143df179.jpeg?odnHeight=180\u0026odnWidth=180\u0026odnBg=ffffff","isOutOfStock":true,"esrb":"","mediaRating":"","name":"Febreze Odor-Eliminating Melt Air Freshener Refills, Ocean, 8 Ct","price":3.97,"preOrder":{"isPreOrder":false,"preOrderMessage":null,"preOrderStreetDateMessage":null},"priceInfo":{"itemPrice":"","linePrice":"$3.97","wasPrice":"","unitPrice":"$1.32/oz","shipPrice":"","minPrice":0,"minPriceForVariant":"","subscriptionPrice":"","subscriptionString":"","priceDisplayCondition":"","finalCostByWeight":false,"submapType":""},"rating":{"averageRating":4.4,"numberOfReviews":84},"salesUnit":"EACH","variantList":[],"isVariantTypeSwatch":false,"brand":null,"manufacturerName":null,"offerId":"1227652B33704033ACE896E9D2D37BDC","fitmentLabel":"","isAtfMarker":false,"sellerId":"F55CDC31AB754BB68FE0B39041159D63","sellerName":"Walmart.com","hasSellerBadge":null,"seller":{"name":"Walmart.com","sellerId":"F55CDC31AB754BB68FE0B39041159D63"},"sponsoredProduct":null,"checkStoreAvailabilityATC":false,"seeShippingEligibility":false,"rewards":null},{"__typename":"Product","availabilityStatusDisplayValue":"Out of stock","productLocationDisplayValue":null,"externalInfoUrl":"","canonicalUrl":"/ip/Lavender-Vanilla-Odor-Neutralizing-Gel-Beads-12-oz/23816400","canAddToCart":false,"showOptions":false,"showBuyNow":false,"description":"\u003cli\u003eTreats 450 square feet\u003c/li\u003e\u003cli\u003eContinues to work for 60-90 days\u003c/li\u003e\u003cli\u003eSafely and naturally neutralize lingering odors\u003c/li\u003e","flag":"","badge":{"text":"","id":"","type":"","key":""},"fulfillmentBadges":[],"fulfillmentBadge":"","fulfillmentSpeed":[],"fulfillmentType":"STORE","groupMetaData":{"groupType":null,"groupSubType":null,"numberOfComponents":0,"groupComponents":null},"id":"5EFNB0C1DPDT","itemType":null,"usItemId":"23816400","image":"https://i5.walmartimages.com/asr/3a28706a-3ade-417e-8ed8-2420ff685be6_1.4bd3bdba2a0ec86af5a130683e099774.jpeg?odnHeight=180\u0026odnWidth=180\u0026odnBg=ffffff","isOutOfStock":true,"esrb":"","mediaRating":"","name":"Lavender Vanilla Odor Neutralizing Gel Beads, 12 oz","price":3.47,"preOrder":{"isPreOrder":false,"preOrderMessage":null,"preOrderStreetDateMessage":null},"priceInfo":{"itemPrice":"","linePrice":"$3.47","wasPrice":"","unitPrice":"28.9 ¢/oz","shipPrice":"","minPrice":0,"minPriceForVariant":"","subscriptionPrice":"","subscriptionString":"","priceDisplayCondition":"","finalCostByWeight":false,"submapType":""},"rating":{"averageRating":4.4,"numberOfReviews":30},"salesUnit":"EACH","variantList":[],"isVariantTypeSwatch":false,"brand":null,"manufacturerName":null,"offerId":"4A3CABE964FB41CAA370EF20D8B3230E","fitmentLabel":"","isAtfMarker":false,"sellerId":"F55CDC31AB754BB68FE0B39041159D63","sellerName":"Walmart.com","hasSellerBadge":null,"seller":{"name":"Walmart.com","sellerId":"F55CDC31AB754BB68FE0B39041159D63"},"sponsoredProduct":null,"checkStoreAvailabilityATC":false,"seeShippingEligibility":false,"rewards":null}],"layoutEnum":"GRID"}],"pageMetadata":{"storeSelectionHeader":null,"title":"Air Fresheners","canonical":"https://www.walmart.com/browse/household-essentials/air-fresheners/1115193_1025739","description":"Shop for Air Fresheners in Household Essentials. Buy products such as Febreze Odor-Eliminating Air Freshener with Downy Scent, April Fresh, 8.8 fl oz, 2 Pack at Walmart and save.","location":{"addressId":""}},"paginationV2":{"maxPage":25,"pageProperties":{"cat_id":"1115193_1025739","ps":"40","sort":"best_match","displayGuidedNav":true,"affinityOverride":"default","stores":"3081"}},"requestContext":{"vertical":null,"isFitmentFilterQueryApplied":false,"searchMatchType":"{\"trn\":0,\"eo\":\"N\",\"id\":\"00-29d6b2fb8ffd25f908821a31d571e50a-b421b40bdcc1daba-01\",\"ppABTest\":true}","categories":{"id":"1115193_1025739","name":"Air Fresheners"}},"errorResponse":{"correlationId":"00-29d6b2fb8ffd25f908821a31d571e50a-b421b40bdcc1daba-01","source":"sis","errorCodes":null,"errors":[]},"modules":null,"count":42,"gridItemsCount":42,"catInfo":{"catId":"1115193_1025739","name":"Air Fresheners"}},"seoMetaData":{"metaTitle":"Air Fresheners - Walmart.com","metaDesc":"Shop for Air Fresheners at Walmart.com. Save Money. Live Better.","metaCanon":"https://www.walmart.com/browse/household-essentials/air-fresheners/1115193_1025739","h1":"Air Fresheners"},"pageMetadata":{"location":{"pickupStore":"3081","deliveryStore":"3081","intent":"SHIPPING","postalCode":"95829","stateOrProvinceCode":"CA","city":"Sacramento","storeId":"3081","accessPointId":null,"accessType":null},"pageContext":{"browseContext":{"cat_id":"/1115193/1025739","cat_path_name":"/Household Essentials/Air Fresheners"}}}},"initialSearchQueryVariables":{"id":"","dealsId":"","query":"","page":1,"prg":"desktop","catId":"1115193_1025739","facet":"","sort":"best_match","rawFacet":"","seoPath":"","ps":40,"ptss":"","trsp":"","beShelfId":"","recall_set":"","module_search":"","min_price":"","max_price":"","storeSlotBooked":"","additionalQueryParams":{"hidden_facet":null,"translation":null},"searchArgs":{"query":"","cat_id":"1115193_1025739","prg":"desktop","facet":""},"fitmentFieldParams":null,"fitmentSearchParams":{"id":"","dealsId":"","query":"","page":1,"prg":"desktop","catId":"1115193_1025739","facet":"","sort":"best_match","rawFacet":"","seoPath":"","ps":40,"ptss":"","trsp":"","beShelfId":"","recall_set":"","module_search":"","min_price":"","max_price":"","storeSlotBooked":"","additionalQueryParams":{"hidden_facet":null,"translation":null},"searchArgs":{"query":"","cat_id":"1115193_1025739","prg":"desktop","facet":""},"cat_id":"1115193_1025739","_be_shelf_id":""},"fetchMarquee":true,"fetchSkyline":true,"fetchSbaTop":false,"tenant":"WM_GLASS","enablePortableFacets":false},"psych":{"isMobile":false,"isBot":false},"isomorphicSessionId":"yLWo3hZcQVNGUgXtM8h0c","trace":{"traceId":"29d6b2fb8ffd25f908821a31d571e50a","spanId":"fa133162c77523e0","traceFlags":1},"isCaching":false,"queryContextCacheId":9366,"bootstrapData":{"account":{"data":{"account":null}},"cart":null,"header":{"data":{"contentLayout":{"modules":[{"name":"TRIPLE10 - Get $10 off your first 3 online pickup or delivery orders. Restrictions apply. - GlobalAlertBar Module - 4.11.22","type":"GlobalAlertBar","moduleId":"1197806b-866e-4e8e-addc-e472091bbfa0","matchedTrigger":{"zone":"alertBar"},"configs":{"athenaEnabled":"False","alertBarV1":{"iconName":null,"text":"New pickup \u0026 delivery customers: get $10 off your first three orders. Restrictions apply.","link":{"linkText":"Use code TRIPLE10","title":"Use code TRIPLE10","clickThrough":{"value":"https://www.walmart.com/cp/1735450?povid=globalalert_couponcode_TRIPLE10"},"uid":"lyDUy-Lz"},"backgroundColor":"#e3e4e5","messageColor":"#2e2f32","showCloseButton":"True"}}}]}},"headers":{}},"footer":{"data":{"location":{"status":true,"postalCode":"95829","nodeId":"3081","errors":[],"shippingAddress":{"addressId":null,"addressLineOne":null,"addressLineTwo":null,"city":"Sacramento","stateOrProvinceCode":"CA","postalCode":"95829"},"pickupNode":{"nodeId":"3081","displayName":"Sacramento Supercenter","addressLineOne":"8915 Gerber Road","city":"Sacramento","stateOrProvinceCode":"CA","postalCode":"95829","accessPointId":null}},"contentLayout":{"modules":[{"name":"GlobalFooterLinks Module,","type":"GlobalFooterLinks","matchedTrigger":{"zone":"footerZone1"},"configs":{"subLinks":[{"link":{"linkText":"All Departments","title":"All Departments","clickThrough":{"type":"url","value":"/all-departments","rawValue":"/all-departments"},"uid":"zuC8vwt4"},"isSFLink":"False","openInNewTab":"False"},{"link":{"linkText":"Store Directory","title":"Store Directory","clickThrough":{"type":"url","value":"/store/directory","rawValue":"/store/directory"},"uid":"H35X2opY"},"isSFLink":"False","openInNewTab":"True"},{"link":{"linkText":"Careers","title":"Careers","clickThrough":{"type":"url","value":"https://careers.walmart.com/","rawValue":"https://careers.walmart.com/"},"uid":"3JvzlnuM"},"isSFLink":"False","openInNewTab":"True"},{"link":{"linkText":"Our Company","title":"Our Company","clickThrough":{"type":"url","value":"https://corporate.walmart.com/","rawValue":"https://corporate.walmart.com/"},"uid":"8ScthXgM"},"isSFLink":"False","openInNewTab":"True"},{"link":{"linkText":"Sell on Walmart.com","title":"Sell on Walmart.com","clickThrough":{"type":"url","value":"https://marketplace.walmart.com/?utm_source=Walmart.com\u0026utm_medium=link\u0026utm_campaign=footer","rawValue":"https://marketplace.walmart.com/?utm_source=Walmart.com\u0026utm_medium=link\u0026utm_campaign=footer"},"uid":"yJ4Ohzsq"},"isSFLink":"False","openInNewTab":"True"},{"link":{"linkText":"Help","title":"Help","clickThrough":{"type":"url","value":"/help","rawValue":"/help"},"uid":"3Owhn3cK"},"isSFLink":"False","openInNewTab":"False"},{"link":{"linkText":"COVID-19 Vaccine Scheduler","title":"COVID-19 Vaccine Scheduler","clickThrough":{"type":"url","value":"https://www.walmart.com/cp/flu-shots-immunizations/1228302","rawValue":"https://www.walmart.com/cp/flu-shots-immunizations/1228302"},"uid":"qCVduDBX"},"isSFLink":"False","openInNewTab":"False"},{"link":{"linkText":"Product Recalls","title":"Product Recalls","clickThrough":{"type":"url","value":"https://corporate.walmart.com/recalls","rawValue":"https://corporate.walmart.com/recalls"},"uid":"zvFmPeD9"},"isSFLink":"False","openInNewTab":"True"},{"link":{"linkText":"Accessibility","title":"Accessibility","clickThrough":{"type":"url","value":"https://www.walmart.com/help/article/responsible-disclosure-and-accessibility-policies/0f173dab8bd942da84b1cd7ab5ffc3cb","rawValue":"https://www.walmart.com/help/article/responsible-disclosure-and-accessibility-policies/0f173dab8bd942da84b1cd7ab5ffc3cb"},"uid":"S48bZs6T"},"isSFLink":"True","openInNewTab":"True"},{"link":{"linkText":"Tax Exempt Program","title":"Tax Exempt Program","clickThrough":{"type":"url","value":"https://www.walmart.com/taxexempt/","rawValue":"https://www.walmart.com/taxexempt/"},"uid":"UDNi8zSy"},"isSFLink":"False","openInNewTab":"True"},{"link":{"linkText":"Get the Walmart App","title":"Get the Walmart App","clickThrough":{"type":"url","value":"https://walmart.onelink.me/UIev?pid=walmart.com\u0026af_web_dp=https%3A%2F%2Fwww.walmart.com%2Fcp%2Fwalmart-mobile-app%2F1087865\u0026c=Walmart.com%20Site%20Footer\u0026af_dp=walmart%3A%2F%2F","rawValue":"https://walmart.onelink.me/UIev?pid=walmart.com\u0026af_web_dp=https%3A%2F%2Fwww.walmart.com%2Fcp%2Fwalmart-mobile-app%2F1087865\u0026c=Walmart.com%20Site%20Footer\u0026af_dp=walmart%3A%2F%2F"},"uid":"E0SzbKzK"},"isSFLink":"False","openInNewTab":"False"},{"link":{"linkText":"Sign-up for Email","title":"Sign-up for Email","clickThrough":{"type":"url","value":"https://www.walmart.com/account/communications-and-privacy?section=marketingemails","rawValue":"https://www.walmart.com/account/communications-and-privacy?section=marketingemails"},"uid":"7Lhnk2mS"},"isSFLink":"False","openInNewTab":"False"},{"link":{"linkText":"Terms of Use","title":"Terms of Use","clickThrough":{"type":"url","value":"/help/article/walmart-com-terms-of-use/3b75080af40340d6bbd596f116fae5a0","rawValue":"/help/article/walmart-com-terms-of-use/3b75080af40340d6bbd596f116fae5a0"},"uid":"0zMqEcVI"},"isSFLink":"False","openInNewTab":"False"},{"link":{"linkText":"Privacy \u0026 Security","title":"Privacy \u0026 Security","clickThrough":{"type":"url","value":"https://corporate.walmart.com/privacy-security","rawValue":"https://corporate.walmart.com/privacy-security"},"uid":"v8SRLDKw"},"isSFLink":"False","openInNewTab":"True"},{"link":{"linkText":"CA Privacy Rights","title":"CA Privacy Rights","clickThrough":{"type":"url","value":"https://corporate.walmart.com/privacy-security/california-privacy-rights","rawValue":"https://corporate.walmart.com/privacy-security/california-privacy-rights"},"uid":"9Ni6sNcm"},"isSFLink":"True","openInNewTab":"True"},{"link":{"linkText":"California Supply Chain Act","title":"California Supply Chain Act","clickThrough":{"type":"url","value":"https://corporate.walmart.com/california-transparency","rawValue":"https://corporate.walmart.com/california-transparency"},"uid":"m7MuhLuF"},"isSFLink":"False","openInNewTab":"True"},{"link":{"linkText":"Do Not Sell My Personal Information","title":"Do Not Sell My Personal Information","clickThrough":{"type":"url","value":"https://www.walmart.com/account/api/ccpa-intake?native=false\u0026app=gm\u0026type=sod","rawValue":"https://www.walmart.com/account/api/ccpa-intake?native=false\u0026app=gm\u0026type=sod"},"uid":"1EAiCJOO"},"isSFLink":"True","openInNewTab":"True"},{"link":{"linkText":"Request My Personal Information","title":"Request My Personal Information","clickThrough":{"type":"url","value":"https://www.walmart.com/account/api/ccpa-intake?native=false\u0026app=gm\u0026type=access","rawValue":"https://www.walmart.com/account/api/ccpa-intake?native=false\u0026app=gm\u0026type=access"},"uid":"vNAKHfwt"},"isSFLink":"True","openInNewTab":"True"}]}}]}},"headers":{}},"cv":{"account":{"_all_":{"vuduLibraryUrl":"https://video.walmart.com/content/account/purchasehistory","enableAccountDWeb":true,"registriesUrl":"/my-registries","enableGoogleAutoComplete":true,"enableMyItemsMenu":true,"enablePostalCodeMessage":false,"enableLocationAutoComplete":true,"eBookUrl":"https://www.walmart.com/account/redirect/kobo?page=library","enableAccountWallet":true,"isInHomeEnabled":true,"ccpaUrl":"/account/ccpa-reporting","enableAccountMWeb":true,"enableSubscriptionModule":true,"walmartPlusUrl":"https://www.walmart.com/grocery/account/plus/overview","enablePostalCodeOnly":false,"listsUrl":"/lists","enableZipcodeInAddressSelector":false,"placeholder":1,"enableWalmartPlus":true,"customCakeUrl":"https://www.walmart.com/order-ahead/cake","itemSubscriptionUrl":"https://www.walmart.com/m/deals/subscriptions/manage","communicationAndPrivacyUrl":"/account/communications-and-privacy","enableWalmartPlusPreference":true,"walmartAssociateUrl":"https://www.walmart.com/account/associate-discount","pharmacyUrl":"https://www.walmart.com/pharmacy/dashboard","enableFeatureCommsAndPrivacy":true,"protectionPlanUrl":"/protection-plans","enchancedAccountPharmacyUrl":"https://www.walmart.com/cp/5431","enableItemSubscriptionRamp":false,"reorderUrl":"https://www.walmart.com/my-items","enableAvsOverride":true,"shouldUpdateCartAfterUpdateZipcode":true,"ccpaNewRequestUrl":"https://www.walmart.com/account/api/ccpa-intake?native=false\u0026amp;type=access","autoCareCenterUrl":"https://www.walmart.com/cp/auto-services/1087266","isFCShippingEnabled":true,"enableItemSubscription":true,"enableAddressLineOneAutofill":false,"enableInHomeAddress":true}},"cart":{"_all_":{"enableCapOne":true,"enableItemUpdates":true,"enableWalmartPlusIntegratedSignUp":true,"enableItemSwitchableBadge":true,"enablePartialCheckout":true,"enableATCOptimization":true,"enableATCRateLimitingMessage":true,"enableGXOSignInNudge":true,"enableSubstituteOOS":true,"enableACCScheduling":true,"enableCapOneRewards":true,"enableGuestCheckout":true,"enablePartialSwitchModuleLevel":true,"enableCallouts":true,"enableAffirm":true,"enableItemNotSwitchableBadge":true,"enableWplusThirtyDaystrial":true,"enableWplus":true,"enableEbt":true,"enableSFL":true,"enableSetPickupMutation":true,"enableAddOnServicesPAC":true,"enableCarePlansAndHomeServices":true,"enableSetShippingOrDeliveryMutation":true,"enableWirelessFreebiePromo":true,"enableRegistry":true,"enableCartGIC":true,"enableSubstituteOOSV2":false,"enableShippingIntent":true,"enableOmniPromise":true,"enableEnhancedEmptyCart":true,"enableWirelessPostpaid":true,"enableQueueing":true,"sflCountPerPagination":20,"enableProductTileV2":false,"enableFulfillmentHeadersV2":true,"enableEarlyAccess":true,"enableInHomeDelivery":true,"enableLastCall":true,"enableAccSchedulingFindStores":true,"enableOOSHotFix":true,"disableGetCartCSR":false,"enableSFLPerformanceMode":false,"enablePAC":true,"enableNonConfigBundles":true,"enableShopSimilar":false,"enableSigninBenefits":true,"enableWplusFulfillmentBanner":true,"enablePACCheckout":false,"initialSFLCount":10,"enableCXOPrefetch":true,"enableItemSwitchableTempBadge":false,"enableAEBadge":true,"enableATCAnimation":false,"enableStoreSnackBarMessage":false}},"bookslot":{"_all_":{"enableStoreHours":true,"gmStoreMessageForNoUSPSlot":true,"enableWirelessPostpaid":true,"hideStoreChooserDefaultAlert":true,"walmartPlusFreeDelivery":true,"enablePriorityTimesIntegratedSignup":true,"tempoCacheExpirationInSeconds":300,"enableWalmartPlusIntegratedSignUp":true,"enablePriorityTimes":true,"hidePickupSlotPrice":true,"alcoholRestrictedSlotsFilterEnable":true,"disableMergeAndGetCartCSR":false,"enableBlockRegistrantAddressDelivery":true,"enableFulfillmentIntent":true,"maxCountOfStoresForInventory":5,"disableFreeDeliveryBannerForExpressOnlyStores":true,"enableNoSlotPreselectionOnTabSwitch":false,"enableSlotPreSelectionV2":true,"enableInHomeSlotsQueryHeader":true,"mergeSlotsEnable":true,"enablePickupOnShippingIntent":true,"enableNoPickupSlotSelectionForDefaultStore":true,"enableWalmartPlus":true,"nodeSelectableOnlineEnable":true,"enableEarliestAvailableSlotPreselection":false,"enableEarliestAvailableDayPreselection":false,"enablePreselectionV2UserIntentOverReservation":false}},"header":{"_all_":{"showNavLinks":true,"isAlertBarEnabled":true,"fetchLocationCSROnLoad":true,"fetchLocation":true,"enableGIC":false,"calloutViewsPerIdPerBSTC":1,"calloutViewsPerIdPerVTC":2,"maxCalloutsPerBSTC":4,"showOptOut":true,"calloutsEnabled":true,"showAddressLineOne":true,"navLinks":"'[{\"name\": \"Grocery\",\"link\": \"https://www.walmart.com/cp/1735450\"},{\"name\": \"Fashion\",\"link\": \"https://www.walmart.com/cp/clothing/5438\"},{\"name\": \"Home\",\"link\": \"https://www.walmart.com/cp/home/4044\"},{\"name\": \"Toys\",\"link\": \"https://www.walmart.com/cp/toys/4171\"},{\"name\": \"Walmart+\",\"link\": \"https://www.walmart.com/plus\"},{\"name\": \"Savings hub\",\"link\": \"https://www.walmart.com/shop/deals\"},{\"name\": \"Deal of the Day\",\"link\": \"https://www.walmart.com/ip/KidKraft-Forestview-II-Wooden-Outdoor-Playhouse-with-Ringing-Doorbell-Bench-and-Kitchen/928534389?athbdg=L1300\"}]'"}},"pulse":{"_all_":{"alwaysAllowedTagList":"","logLevel":"info","enableV1Schema":true,"enableQuantumMetric":true}},"footer":{"_all_":{"enableXOFeedback":true,"hideGiveFeedbackSection":true}},"shared":{"_all_":{"enableQueueing":false,"legacySiteNGRedirectEnabled":false,"enableExpressSla":true,"legacySiteInhomeRedirectEnabled":false,"aeModuleHeaderText":"Black Friday Deals pickup","helpLinkReturnRefunds":"https://www.walmart.com/help/channel/returns-and-refunds/5a33a1f61af8479e9d1bd8b727e9e761","legacySiteDirectspendingRedirectEnabled":false,"legacySiteEbtRedirectEnabled":false,"enableWaitingHallway":true,"disableGetCartSSR":true,"queueTimeToCompletePurchase":10,"helpLinkStorePurchase":"https://www.walmart.com/help/article/view-store-purchases/f56a1afbf3b5428bb69f0124daa49108","beaconWithQuantumMetrics":false,"itemReservationsBannerText":"left to buy your item","helpLinkMobileAlertsTerms":"https://www.walmart.com/help/article/mobile-alerts-terms-of-use/499122d9bba94d08b50e8facf42fcc82","enableFullPageCart":true,"enableGifting":true,"enableHubAndSpoke":true,"bookSlotPersistentFilterEnable":false,"queueRefetchInterval":5000,"helpLinkMPReturnPolicy":"https://www.walmart.com/help/article/walmart-marketplace-return-policy/63c3566a9d3546858582acae2fbfdb7e","queueMaxRefetchDuration":900000,"helpLinkTermsOfUse":"https://www.walmart.com/help/article/walmart-com-terms-of-use/3b75080af40340d6bbd596f116fae5a0","placeholder":"US","enableAdSessionId":true,"enableAstCookie":true,"enableSinglePageXO":false}},"ads":{"_all_":{"spMq2Measure3PEnable":true,"adResponseBeaconEnable":true,"adPreviousResponseNullCheck":true,"displayProductPos":true,"spMq2Measure1PEnable":true,"ipMq1RenderEnable":true,"ipSkReqEnable":true,"bpMq2Measure1PEnable":true,"displayOrderDeduplication":true,"measure3PImpEnable":true,"cacheBusterTimeDiffMs":180000,"bpSkReqEnable":true,"bpMq2ReqEnable":true,"spMq1RenderEnable":true,"bpSkMeasure1PEnable":true,"adShowAtcFieldEnable":true,"bpSkMeasure3PEnable":true,"spMq2RenderEnable":true,"ipSpc2Measure1PEnable":true,"hpMq1Measure1PEnable":true,"displayPoVAdBlockerEnable":false,"hpMq1Measure3PEnable":true,"spSkRenderEnable":true,"bpSpc1ReqEnable":true,"displayUnitWrapperUnmount":true,"bpMq1ReqEnable":true,"displayAddlInfo":true,"displayCheckIp":false,"bpMq1RenderEnable":true,"adManualShelfIdCheck":true,"hpMq2RenderEnable":true,"moatIvt":"https://www.walmart.com/swag/v2/ip-rd","bpMq2RenderEnable":true,"hpMq1RenderEnable":true,"ipSpc2ReqEnable":true,"spSkMeasure1PEnable":true,"displaySbaLogospQs":true,"spSkMeasure3PEnable":true,"bpSpc1Measure1PEnable":true,"displayProductsPos":false,"adSPIncrementDecrementCheck":true,"spMq1Measure1PEnable":true,"hpP3NMeasure1PEnable":true,"ipSkMeasure1PEnable":true,"adViewableGmBeaconCheck":true,"spMq1Measure3PEnable":true,"bpMq1Measure1PEnable":true,"ipSpc1ReqEnable":true,"updateAdV2Query2StoreEnable":false,"spMq2ReqEnable":true,"bpSkRenderEnable":true,"lazyRenderCmp":false,"ipMq1Measure3PEnable":true,"ipMq1Measure1PEnable":true,"spSkReqEnable":true,"displayPreviousRenderCheck":true,"safeframeURL":"https://i5.walmartimages.com/dfw/63fd9f59-d6ba/07b8ea82-184c-4ea3-8ac0-5dc1981e40c8/v33/safeframe.html","hpMq1ReqEnable":true,"bpMq1Measure3PEnable":true,"displayPPMMode":true,"ipSpc1Measure1PEnable":true,"bpBigMeasure1PEnable":true,"ipSkMeasure3PEnable":true,"ipMq1ReqEnable":true,"ipMq2Measure1PEnable":true,"ipMq2Measure3PEnable":true,"hpMq2Measure3PEnable":true,"hpMq2Measure1PEnable":true,"spMq1ReqEnable":true,"spSpc1ReqEnable":true,"ipP3NMeasure1PEnable":true,"bpMq2Measure3PEnable":true,"displayDeduplication":true,"adCategoryTakeoverCheck":true,"blockInternal":true,"ipSkRenderEnable":true,"hpMq2ReqEnable":true,"ipMq2ReqEnable":true,"spSpc1Measure1PEnable":true,"ipMq2RenderEnable":true,"adsXpa":"9nMgr,WqVri,QdefC,ZCBNY","sbaMwebRedesignV2Enable":false,"sbaMwebRedesignV1Enable":false}},"search":{"_all_":{"enableLeftHandNav":false,"enableExternalInfoUrl":true,"fetchItemsV2Enable":true,"enableNewStackedRecallNoResult":true,"threeColumnGrid":false,"enableGIC":false,"fitmentModulesEnable":true,"bannerModulesEnable":true,"enableGrapqlQueryParams":true,"searchPersistentFilterEnable":false,"enableFulfillmentMethodDemo":false,"clientFetchTimeoutMs":15000,"fetchTimeoutMs":7000,"bookSlotPersistentFilterEnable":false,"postProcessedQueryEnable":true,"imageSizeEnum":"3","seoModulesEnable":true,"enableMaxWidth":false,"partialRenderEnable":true,"enablePortableFacets":false}}}},"enableGqlCsrRedirect":true,"nonce":"1Oaa7QHNXHckLVa1","adSessionId":"99839538a2b9de15a620a25c655ff826"}},"page":"/browse/[...seo]","query":{"seo":["household-essentials","air-fresheners","1115193_1025739"]},"buildId":"production_20220421T083256232Z-en-US","assetPrefix":"https://i5.walmartimages.com/dfw/63fd9f59-e039/615722fa-18ec-427a-af70-ab78d9c9d0f1/v2/en-US","runtimeConfig":{"isDev":false,"enableLatencyTrace":true,"enablePersistedQueries":false,"tenant":"WM_GLASS","tenantV2":{"bu":"WALMART-US","mart":"B2C"},"mockURL":"http://mock-backend.dev.walmart.com/","mock":true,"endpointMappings":{"operations":{"query configuration":"cegateway","query ContentPage":"cegateway","query checkItemCartEligibility":"cecxo","mutation MergeAndGetCart":"cecxo","query getGuestOrder":"cegateway","query PurchaseHistory":"cecph","mutation NotifyCapOneBannerSnooze":"cegateway","mutation CancelOrder":"cecph","query LastCallPage":"cegateway","query AdV2Display":"adsgateway","query GetCommPreference":"cegateway","query PurchasedProtectionPlans":"cecph","query ProtectionPlanDetail":"cecph","query subscriptions":"cegateway","query CartSubstitutions":"cegateway","query CartShopSimilar":"cegateway","query GetEarlyAccessLearnMoreData":"ceaccount","query PostCartLoadPage":"cegateway"},"queryStrings":{"step=cart":"cecxo","step=bookslot":"cecxo","entitytype=*":"ceorders","state=*":"ceorders","source=*":"ceorders"},"pages":{"*":"cegateway","/":"cegateway","/404":"cegateway","/account/*":"cegateway","/all-departments":"cegateway","/browse/*":"cegateway","/c/[...seo]":"cegateway","/ci-control":"cegateway","/cp/[...categoryParams]":"cegateway","/content/[...categoryParams]":"cegateway","/help/*":"cegateway","/ip/[...itemParams]":"cegateway","/lists/*":"cegateway","/my-items":"cegateway","/my-registries":"cegateway","/shop/*":"cegateway","/shop/[...seo]":"cegateway","/nonprofits/*":"cegateway","/orders/*":"ceorders","/partner/plus/*":"cegateway","/plus/*":"cegateway","/product/[...itemParams]":"cegateway","/registry/*":"cegateway","/reviews/*":"cegateway","/search/*":"cegateway","/seller/*":"cegateway","/services":"cegateway","/thankyou":"cecxo","/topic/[...seo]":"cegateway","/tp/*":"cegateway","/update-payment-method-form":"cegateway","/update-payment-method":"cegateway","/wallet/associate-discount":"cegateway","/subscriptions/manage":"cegateway","/cart":"cecxo","/pac":"cecxo"}},"googleMaps":{"checkAddressAPIKey":"AIzaSyCX5gh3yoq4316wUDxRpljFOwWA6_-BEMg","addressAPIKey":"AIzaSyBIAnB1a3UejjFVRNtszhaEE8yrKySRTEo","geoCodingAPIKey":"AIzaSyBvv63fBVZ1RtNJLGkN9XCFE1WfVl0o1HY","riseMapAPIKey":{"dev":"AIzaSyA9K6pBcYvCp4_FxKHsPi-JDJfvcvSbtp0","defaultKey":"AIzaSyA0Gi6N7afDzAqBiPI3MlWDMaaxC5xKldM"}},"pulseBeacon":{"enable":true,"hostname":"i5.walmartimages.com","bd":"beacon.walmart.com","bh":"beacon.lightestwithqm.walmart.com","hostWithQM":"beacon.lightestwithqm.walmart.com","hostWithoutQM":"beacon.lightest.walmart.com"},"perimeterX":{"enable":true,"initScript":"https://www.walmart.com/px/PXu6b0qd2S/init.js"},"identity":{"context":{"signOutUrl":"https://www-e16.walmart.com/account/logout","signInPathname":"/account/login","createAccountPathname":"/account/signup"},"authFrameRoutes":{"frame":"/account/login","gxoSignin":"/account/login","gxoSignup":"/account/signup/gxo","reauthFrame":"/account/login"}},"threatMetrix":{"enable":true},"paymentsPageUrl":"https://wallet.walmart.com/payments?wv=main","paymentsChooserPageUrl":"https://wallet.walmart.com/payments/chooser","moatIvt":"https://www.walmart.com/swag/v2/ip-rd","appVersion":"main-496-1d0ab3","appSha":"1d0ab3ebf4812827b5054575809f89a795842f63","profile":"production","tmxOrgId":"hgy2n0ks","dataCenter":"scus","queryContext":{"appVersion":"main-496-1d0ab3","isPerimeterXTest":false,"gql":{"endpointsByName":{"ceaccount":"/orchestra/account/graphql","cecxo":"/orchestra/cartxo/graphql","cecph":"/orchestra/cph/graphql","adsgateway":"/swag/graphql","ceorders":"/orchestra/orders/graphql","cegateway":"/orchestra/home/graphql"}},"rest":{"endpointsByName":{"cereturns":"/orchestra/api/returns","ceaccount":"/orchestra/api/account","cehelp":"/orchestra/help/api","cehelpchat":"/orchestra/helpChat/api","ceidentity":"/orchestra/account/electrode/api/identity","typeahead":"/typeahead/v3/complete","espvalidation":"/esp/prepaid/v1/plans","warppaymentoptions":"/orchestra/api/online/variantbasic/item","cewarp":"/orchestra/api/warp","ceccm":"/orchestra/api/ccm/v1/bootstrap","cewireless":"/orchestra/api/wireless"}}}},"isFallback":false,"dynamicIds":[5338,63446,46445,81410,73045,1911,8674,31140,58175,25200,44616],"customServer":true,"gip":true,"appGip":true,"locale":"en","locales":["en"],"defaultLocale":"en","scriptLoader":[]}</script><script nonce="1Oaa7QHNXHckLVa1" src="//i5.walmartimages.com/a14/cdn-doms-usgm.js"></script><script async="async" defer="defer" nonce="1Oaa7QHNXHckLVa1" src="//i5.walmartimages.com/a14/cdn-perf.min.js"></script><script nonce="1Oaa7QHNXHckLVa1">window.SW_DOMAIN = "walmart.com"</script><script nonce="1Oaa7QHNXHckLVa1">(function(e){var t=e.document;BOOMR=e.BOOMR||{};BOOMR.plugins=BOOMR.plugins||{};var n={localStorageTestKey:"TorbitLSTest",pageTags:[],pageConversions:[],initHasRun:false};BOOMR.plugins.pageMeta={init:function(r){initHasRun=true;try{localStorage.setItem(n.localStorageTestKey,n.localStorageTestKey);localStorage.removeItem(n.localStorageTestKey);BOOMR.addVar("ls",1)}catch(i){BOOMR.addVar("ls",0)}if(e.location.protocol=="https:")BOOMR.addVar("prt",1);else BOOMR.addVar("prt",0);BOOMR.addVar("ref",t.referrer);if(e.performance&&e.performance.memory){for(m_name in e.performance.memory){if(e.performance.memory.hasOwnProperty(m_name)){BOOMR.addVar(m_name,e.performance.memory[m_name])}}}BOOMR.addVar("wH",e.innerHeight||t.body.clientHeight||t.documentElement.clientHeight);BOOMR.addVar("tags",n.pageTags.join("|"));return this},addTag:function(e){n.pageTags.push(e);if(!n.initHasRun){return}BOOMR.addVar("tags",n.pageTags.join("|"))},addConversion:function(e,t){var r=e;if(t&&(t>0||t.length>0))r=e+"="+t;n.pageConversions.push(r);BOOMR.addVar("conversion",n.pageConversions.join("|"))},is_complete:function(){return true}}})(window);(function(e){try{e._tbq=e._tbq||[];_tbq.push=function(e){if(e.length<1||!e[0])return;switch(e[0]){case"tag":if(e.length<2)return;BOOMR.plugins.pageMeta.addTag(e[1]);break;case"startTimer":if(e.length<2)return;BOOMR.plugins.customEvents.startTimer(e[1]);break;case"endTimer":if(e.length<2)return;BOOMR.plugins.customEvents.endTimer(e[1]);break}};for(i in _tbq){if(_tbq.hasOwnProperty(i)&&i!="push"){_tbq.push(_tbq[i]);delete _tbq[i]}}}catch(t){}})(window);</script><script nonce="1Oaa7QHNXHckLVa1">window._pxAppId = 'PXu6b0qd2S'</script><script async="async" defer="defer" nonce="1Oaa7QHNXHckLVa1" src="/px/PXu6b0qd2S/init.js"></script></body></html>