<html lang="en"><head nonce="HMtW5E8p0htZOWXF"><link href="//dis.criteo.com" rel="dns-prefetch"><link href="//ib.adnxs.com" rel="dns-prefetch"><link href="//secure-assets.rubiconproject.com" rel="dns-prefetch"><link href="//beam.hlserve.com" rel="dns-prefetch"><link href="//pubads.g.doubleclick.net" rel="dns-prefetch"><link href="//omniture-ssl.walmart.com" rel="dns-prefetch"><link href="//omniture.walmart.com" rel="dns-prefetch"><link href="//p.typekit.net" rel="dns-prefetch"><link href="//pagead2.googlesyndication.com" rel="dns-prefetch"><link href="//partner.googleadservices.com" rel="dns-prefetch"><link href="//tpc.googlesyndication.com" rel="dns-prefetch"><link href="//beacon.walmart.com" rel="dns-prefetch"><link href="//b.wal.co" rel="dns-prefetch"><link href="//i5.wal.co" rel="dns-prefetch"><link href="//i5.walmartimages.com" rel="dns-prefetch"><meta name="viewport" content="width=device-width"><meta charset="utf-8"><meta property="fb:app_id" content="105223049547814"><link rel="preload" crossorigin="anonymous" href="https://i5.walmartimages.com/dfw/63fd9f59-a78c/fcfae9b6-2f69-4f89-beed-f0eeb4237946/v1/BogleWeb_subset-Bold.woff2" as="font" type="font/woff2"><link rel="preload" crossorigin="anonymous" href="https://i5.walmartimages.com/dfw/63fd9f59-a78c/fcfae9b6-2f69-4f89-beed-f0eeb4237946/v1/BogleWeb_subset-Regular.woff2" as="font" type="font/woff2"><title>Chips – Walmart.com</title><meta name="description" content="Shop for Chips at Walmart.com and choose from popular chip brands like Lay's, Frito-Lay, Doritos, Cheetos, and Ruffles for less. Save money. Live better."><link rel="canonical" href="https://www.walmart.com/browse/food/chips/976759_976787_1001390"><meta property="og:url" content="https://www.walmart.com/browse/food/chips/976759_976787_1001390"><meta property="og:description" content="Shop for Chips at Walmart.com and choose from popular chip brands like Lay's, Frito-Lay, Doritos, Cheetos, and Ruffles for less. Save money. Live better."><meta property="og:title" content="Chips – Walmart.com"><meta property="og:image" content="https://i5.walmartimages.com/asr/6600400c-bb4d-4cfb-b792-ce32faaeaec2_2.e450f0a19cf71d6a4a5edf8b4489584e.jpeg?odnHeight=180&amp;odnWidth=180&amp;odnBg=FFFFFF"><meta property="og:type" content="Website"><meta property="og:site_name" content="Walmart.com"><script nonce="HMtW5E8p0htZOWXF" type="application/ld+json">{"@context":"https://schema.org","@type":"BreadcrumbList","itemListElement":[{"@type":"ListItem","position":1,"item":{"@type":"Thing","@id":"https://www.walmart.com/cp/food/976759","name":"Food"}},{"@type":"ListItem","position":2,"item":{"@type":"Thing","@id":"https://www.walmart.com/cp/snacks-cookies-chips/976787","name":"Snacks, Cookies & Chips"}},{"@type":"ListItem","position":3,"item":{"@type":"Thing","@id":"https://www.walmart.com/cp/chips/1001390","name":"Chips"}}]}</script><meta name="next-head-count" content="15"><link nonce="HMtW5E8p0htZOWXF" rel="preload" href="https://i5.wal.co/dfw/63fd9f59-7d3a/a19c238e-21f4-4fe4-8ca6-382c060b0be9/v2/en-US/_next/static/css/09d80fdc113bcc55f5d3.css-40b755d6ed5f65f2c239055b5aceb22497befb4c-br.css" as="style"><link nonce="HMtW5E8p0htZOWXF" rel="stylesheet" href="https://i5.wal.co/dfw/63fd9f59-7d3a/a19c238e-21f4-4fe4-8ca6-382c060b0be9/v2/en-US/_next/static/css/09d80fdc113bcc55f5d3.css-40b755d6ed5f65f2c239055b5aceb22497befb4c-br.css" data-n-g=""><noscript data-n-css="HMtW5E8p0htZOWXF"></noscript><script defer="" nonce="HMtW5E8p0htZOWXF" nomodule="" src="https://i5.wal.co/dfw/63fd9f59-7d3a/a19c238e-21f4-4fe4-8ca6-382c060b0be9/v2/en-US/_next/static/chunks/polyfills-22f49077a08c8b727a92.js-2c702329736e11ae01b9c7f2932344fb8c2515ad-br.js"></script><script defer="" src="https://i5.wal.co/dfw/63fd9f59-7d3a/a19c238e-21f4-4fe4-8ca6-382c060b0be9/v2/en-US/_next/static/chunks/5338.70d63a0c55202cc36576.js-81523c16630bcc02ce149bd4baaacbe080dff29e-br.js" nonce="HMtW5E8p0htZOWXF"></script><script defer="" src="https://i5.wal.co/dfw/63fd9f59-7d3a/a19c238e-21f4-4fe4-8ca6-382c060b0be9/v2/en-US/_next/static/chunks/63446.b4dc1ee6c84a1e760ec6.js-5774c58cced70e089f30138dfd939035af3bcb04-br.js" nonce="HMtW5E8p0htZOWXF"></script><script defer="" src="https://i5.wal.co/dfw/63fd9f59-7d3a/a19c238e-21f4-4fe4-8ca6-382c060b0be9/v2/en-US/_next/static/chunks/46445.91369c9efaf8367e00d9.js-565d322a19d74fa9a9a935512d49b9e4501ba87e-br.js" nonce="HMtW5E8p0htZOWXF"></script><script defer="" src="https://i5.wal.co/dfw/63fd9f59-7d3a/a19c238e-21f4-4fe4-8ca6-382c060b0be9/v2/en-US/_next/static/chunks/81410.676fcb04b6578623054b.js-030b93b92a0f2bf53c39125540b7cb0313fd5ed2-br.js" nonce="HMtW5E8p0htZOWXF"></script><script defer="" src="https://i5.wal.co/dfw/63fd9f59-7d3a/a19c238e-21f4-4fe4-8ca6-382c060b0be9/v2/en-US/_next/static/chunks/35404.d9c1d93b8aa86928893f.js-f5d6bc76dea02abb6d8388e8d2378af620bb44b6-br.js" nonce="HMtW5E8p0htZOWXF"></script><script defer="" src="https://i5.wal.co/dfw/63fd9f59-7d3a/a19c238e-21f4-4fe4-8ca6-382c060b0be9/v2/en-US/_next/static/chunks/49966.2a7dba44eab6209c1f01.js-a2b1ae0b07f1ce10bc4b37a70ca795eb7d9a4048-br.js" nonce="HMtW5E8p0htZOWXF"></script><script defer="" src="https://i5.wal.co/dfw/63fd9f59-7d3a/a19c238e-21f4-4fe4-8ca6-382c060b0be9/v2/en-US/_next/static/chunks/73045.80f9a5e9291dcdb5f457.js-7dc7177c3403867253b58f664f09d41c3156e3da-br.js" nonce="HMtW5E8p0htZOWXF"></script><script defer="" src="https://i5.wal.co/dfw/63fd9f59-7d3a/a19c238e-21f4-4fe4-8ca6-382c060b0be9/v2/en-US/_next/static/chunks/1354.91c4186980e12c198521.js-b3223c001400c0c58d319c582ca98c4e0e1e4949-br.js" nonce="HMtW5E8p0htZOWXF"></script><script defer="" src="https://i5.wal.co/dfw/63fd9f59-7d3a/a19c238e-21f4-4fe4-8ca6-382c060b0be9/v2/en-US/_next/static/chunks/25200.ce20a7469e677b73847b.js-4d7c8618eebf04bec2657032b4efb132a4a52e24-br.js" nonce="HMtW5E8p0htZOWXF"></script><script defer="" src="https://i5.wal.co/dfw/63fd9f59-7d3a/a19c238e-21f4-4fe4-8ca6-382c060b0be9/v2/en-US/_next/static/chunks/8554-010f2954ea4402e74f6b.js-57e74acaafcba8c006047257d86ce3f8a28eda15-br.js" nonce="HMtW5E8p0htZOWXF"></script><script defer="" src="https://i5.wal.co/dfw/63fd9f59-7d3a/a19c238e-21f4-4fe4-8ca6-382c060b0be9/v2/en-US/_next/static/chunks/82453.9fd0ce63a816f705e1e0.js-934383a398c521484bd820f8a1316a78d1977164-br.js" nonce="HMtW5E8p0htZOWXF"></script><script defer="" src="https://i5.wal.co/dfw/63fd9f59-7d3a/a19c238e-21f4-4fe4-8ca6-382c060b0be9/v2/en-US/_next/static/chunks/44616.86f9839612af6d58e725.js-e63547ef7fe79315734eb8845c16a3f14453fc3c-br.js" nonce="HMtW5E8p0htZOWXF"></script><script src="https://i5.wal.co/dfw/63fd9f59-7d3a/a19c238e-21f4-4fe4-8ca6-382c060b0be9/v2/en-US/_next/static/chunks/webpack-3b48568ba4909d31611c.js-47a97ef9665df4689f01e0889f883363e2536a7e-br.js" nonce="HMtW5E8p0htZOWXF" defer=""></script><script src="https://i5.wal.co/dfw/63fd9f59-7d3a/a19c238e-21f4-4fe4-8ca6-382c060b0be9/v2/en-US/_next/static/chunks/main-69568291252d58120936.js-5156ad2c9c0fb163177ad3a9dbadea8f91d2baec-br.js" nonce="HMtW5E8p0htZOWXF" defer=""></script><script src="https://i5.wal.co/dfw/63fd9f59-7d3a/a19c238e-21f4-4fe4-8ca6-382c060b0be9/v2/en-US/_next/static/chunks/pages/_app-c59738bac563bf2ee782.js-87c20315b8cc0c53433fdd94733a936ef6a60e86-br.js" nonce="HMtW5E8p0htZOWXF" defer=""></script><script src="https://i5.wal.co/dfw/63fd9f59-7d3a/a19c238e-21f4-4fe4-8ca6-382c060b0be9/v2/en-US/_next/static/chunks/50329-a6eef8d87d6c7e7b8063.js-732010be3ee3c705289bdf945fb4be3b498236b0-br.js" nonce="HMtW5E8p0htZOWXF" defer=""></script><script src="https://i5.wal.co/dfw/63fd9f59-7d3a/a19c238e-21f4-4fe4-8ca6-382c060b0be9/v2/en-US/_next/static/chunks/42121-9e7148d007f15f7aa0cc.js-aa3b0b972d16e9eed859738e623cc1804fa065ab-br.js" nonce="HMtW5E8p0htZOWXF" defer=""></script><script src="https://i5.wal.co/dfw/63fd9f59-7d3a/a19c238e-21f4-4fe4-8ca6-382c060b0be9/v2/en-US/_next/static/chunks/4128-f450d33e296203aa1dc9.js-d8fabb64e587891f236c3684f3c82609a7ba2be4-br.js" nonce="HMtW5E8p0htZOWXF" defer=""></script><script src="https://i5.wal.co/dfw/63fd9f59-7d3a/a19c238e-21f4-4fe4-8ca6-382c060b0be9/v2/en-US/_next/static/chunks/54281-f7eebc3a8d6272c28de2.js-f746c82c00e2ae8465c7ded43effa8332e674485-br.js" nonce="HMtW5E8p0htZOWXF" defer=""></script><script src="https://i5.wal.co/dfw/63fd9f59-7d3a/a19c238e-21f4-4fe4-8ca6-382c060b0be9/v2/en-US/_next/static/chunks/28399-d622fcde181980146b85.js-09b96055cc723cb2c50f19f6eaa850316cc0ad56-br.js" nonce="HMtW5E8p0htZOWXF" defer=""></script><script src="https://i5.wal.co/dfw/63fd9f59-7d3a/a19c238e-21f4-4fe4-8ca6-382c060b0be9/v2/en-US/_next/static/chunks/32972-1dd1b9aa39b39a53ad91.js-035b106b47f93e65805edb8967050cb858a5f837-br.js" nonce="HMtW5E8p0htZOWXF" defer=""></script><script src="https://i5.wal.co/dfw/63fd9f59-7d3a/a19c238e-21f4-4fe4-8ca6-382c060b0be9/v2/en-US/_next/static/chunks/1703-aef11ccd9f10748ff084.js-07a31661f266ec60b05abc036d9a8c625f1171eb-br.js" nonce="HMtW5E8p0htZOWXF" defer=""></script><script src="https://i5.wal.co/dfw/63fd9f59-7d3a/a19c238e-21f4-4fe4-8ca6-382c060b0be9/v2/en-US/_next/static/chunks/25330-ceaeee49ac72d6ddd832.js-24a070c72805f8cc532945dbc4c998899c5f712a-br.js" nonce="HMtW5E8p0htZOWXF" defer=""></script><script src="https://i5.wal.co/dfw/63fd9f59-7d3a/a19c238e-21f4-4fe4-8ca6-382c060b0be9/v2/en-US/_next/static/chunks/75282-d7d90d9281a705a5f556.js-0d146db1576311507c4a999c0486635e5db5e5ca-br.js" nonce="HMtW5E8p0htZOWXF" defer=""></script><script src="https://i5.wal.co/dfw/63fd9f59-7d3a/a19c238e-21f4-4fe4-8ca6-382c060b0be9/v2/en-US/_next/static/chunks/pages/browse/%5B...seo%5D-1c4b136ead344d8f1f14.js-6aa0529ca84bed92745a8fbcebef19e5869c84d3-br.js" nonce="HMtW5E8p0htZOWXF" defer=""></script><script src="https://i5.wal.co/dfw/63fd9f59-7d3a/a19c238e-21f4-4fe4-8ca6-382c060b0be9/v2/en-US/_next/static/production_20220426T213425752Z-en-US/_buildManifest.js-d77f03fa0ba24fdddd6c7257bfe5b731952090c1-br.js" nonce="HMtW5E8p0htZOWXF" defer=""></script><script src="https://i5.wal.co/dfw/63fd9f59-7d3a/a19c238e-21f4-4fe4-8ca6-382c060b0be9/v2/en-US/_next/static/production_20220426T213425752Z-en-US/_ssgManifest.js-647a2e029696334d895740ab60334a8fbba86a87-gzip.js" nonce="HMtW5E8p0htZOWXF" defer=""></script><script nonce="HMtW5E8p0htZOWXF">var TBRewriteHostAltWeight = 10.000000;</script><script async="async" defer="defer" src="https://i5.wal.co/a14/capabilities.min.js-2dcc7ebc7e7196f449647a3f03c4cec76f3aae99-br.js" nonce="HMtW5E8p0htZOWXF"></script><script>bazadebezolkohpepadr="823287575"</script><script type="text/javascript" src="https://www.walmart.com/akam/13/31125c24" defer=""></script><script type="text/javascript" src="https://beacon.walmart.com/rum.js?bh=beacon.lightestwithqm.walmart.com" async=""></script><link rel="prefetch" as="script" href="https://i5.walmartimages.com/dfw/63fd9f59-7d3a/a19c238e-21f4-4fe4-8ca6-382c060b0be9/v2/en-US/_next/static/chunks/50329-a6eef8d87d6c7e7b8063.js"><link rel="prefetch" as="script" href="https://i5.walmartimages.com/dfw/63fd9f59-7d3a/a19c238e-21f4-4fe4-8ca6-382c060b0be9/v2/en-US/_next/static/chunks/64831-96362cb8a827a5daf058.js"><link rel="prefetch" as="script" href="https://i5.walmartimages.com/dfw/63fd9f59-7d3a/a19c238e-21f4-4fe4-8ca6-382c060b0be9/v2/en-US/_next/static/chunks/61930-6d3e58c1cd565301a5b3.js"><link rel="prefetch" as="script" href="https://i5.walmartimages.com/dfw/63fd9f59-7d3a/a19c238e-21f4-4fe4-8ca6-382c060b0be9/v2/en-US/_next/static/chunks/28330-94be84ce8a772f977fab.js"><link rel="prefetch" as="script" href="https://i5.walmartimages.com/dfw/63fd9f59-7d3a/a19c238e-21f4-4fe4-8ca6-382c060b0be9/v2/en-US/_next/static/chunks/15795-b6989e0b80020fd46445.js"><link rel="prefetch" as="script" href="https://i5.walmartimages.com/dfw/63fd9f59-7d3a/a19c238e-21f4-4fe4-8ca6-382c060b0be9/v2/en-US/_next/static/chunks/77532-f2852a5c22b1f612b05e.js"><link rel="prefetch" as="script" href="https://i5.walmartimages.com/dfw/63fd9f59-7d3a/a19c238e-21f4-4fe4-8ca6-382c060b0be9/v2/en-US/_next/static/chunks/31804-68f9b2011234dcf2aed6.js"><link rel="prefetch" as="script" href="https://i5.walmartimages.com/dfw/63fd9f59-7d3a/a19c238e-21f4-4fe4-8ca6-382c060b0be9/v2/en-US/_next/static/chunks/12414-88cd11f28a46d7a80d20.js"><link rel="prefetch" as="script" href="https://i5.walmartimages.com/dfw/63fd9f59-7d3a/a19c238e-21f4-4fe4-8ca6-382c060b0be9/v2/en-US/_next/static/chunks/91016-f16d577cc11a8d7bc852.js"><link rel="prefetch" as="script" href="https://i5.walmartimages.com/dfw/63fd9f59-7d3a/a19c238e-21f4-4fe4-8ca6-382c060b0be9/v2/en-US/_next/static/chunks/54702-2f4e4902d65c302f4c09.js"><link rel="prefetch" as="script" href="https://i5.walmartimages.com/dfw/63fd9f59-7d3a/a19c238e-21f4-4fe4-8ca6-382c060b0be9/v2/en-US/_next/static/chunks/62416.e79e5330549cebc3b5ce.js"><link rel="prefetch" as="script" href="https://i5.walmartimages.com/dfw/63fd9f59-7d3a/a19c238e-21f4-4fe4-8ca6-382c060b0be9/v2/en-US/_next/static/chunks/67820-a7a5497773b5a2119e50.js"><link rel="prefetch" as="script" href="https://i5.walmartimages.com/dfw/63fd9f59-7d3a/a19c238e-21f4-4fe4-8ca6-382c060b0be9/v2/en-US/_next/static/chunks/61749-bfd2c14b9eb16df2e8bf.js"><link rel="prefetch" as="script" href="https://i5.walmartimages.com/dfw/63fd9f59-7d3a/a19c238e-21f4-4fe4-8ca6-382c060b0be9/v2/en-US/_next/static/chunks/79930.57b475e2f53e674d5595.js"><link rel="prefetch" as="script" href="https://i5.walmartimages.com/dfw/63fd9f59-7d3a/a19c238e-21f4-4fe4-8ca6-382c060b0be9/v2/en-US/_next/static/chunks/57932.d32e261c09c9464b6419.js"><link rel="stylesheet" type="text/css" href="https://i5.walmartimages.com/dfw/63fd9f59-7d3a/a19c238e-21f4-4fe4-8ca6-382c060b0be9/v2/en-US/_next/static/css/09d80fdc113bcc55f5d3.css"><script type="text/javascript" src="https://b.wal.co/rum-mappings.js;tq_F3BIb9IQlPI+HLHRntWk3hX8=?bh=beacon.lightestwithqm.walmart.com" async=""></script><link as="script" rel="prefetch" href="https://i5.walmartimages.com/dfw/63fd9f59-7d3a/a19c238e-21f4-4fe4-8ca6-382c060b0be9/v2/en-US/_next/static/chunks/4128-f450d33e296203aa1dc9.js"><link as="script" rel="prefetch" href="https://i5.walmartimages.com/dfw/63fd9f59-7d3a/a19c238e-21f4-4fe4-8ca6-382c060b0be9/v2/en-US/_next/static/chunks/8554-010f2954ea4402e74f6b.js"><link as="script" rel="prefetch" href="https://i5.walmartimages.com/dfw/63fd9f59-7d3a/a19c238e-21f4-4fe4-8ca6-382c060b0be9/v2/en-US/_next/static/chunks/54281-f7eebc3a8d6272c28de2.js"><link as="script" rel="prefetch" href="https://i5.walmartimages.com/dfw/63fd9f59-7d3a/a19c238e-21f4-4fe4-8ca6-382c060b0be9/v2/en-US/_next/static/chunks/28399-d622fcde181980146b85.js"><link as="script" rel="prefetch" href="https://i5.walmartimages.com/dfw/63fd9f59-7d3a/a19c238e-21f4-4fe4-8ca6-382c060b0be9/v2/en-US/_next/static/chunks/46684-9f9cfddbd6cd10a72d97.js"><link as="script" rel="prefetch" href="https://i5.walmartimages.com/dfw/63fd9f59-7d3a/a19c238e-21f4-4fe4-8ca6-382c060b0be9/v2/en-US/_next/static/chunks/6485-b50938e09c218c2aaf67.js"><link as="script" rel="prefetch" href="https://i5.walmartimages.com/dfw/63fd9f59-7d3a/a19c238e-21f4-4fe4-8ca6-382c060b0be9/v2/en-US/_next/static/chunks/90999-8a83c62459480d7cf115.js"><link as="script" rel="prefetch" href="https://i5.walmartimages.com/dfw/63fd9f59-7d3a/a19c238e-21f4-4fe4-8ca6-382c060b0be9/v2/en-US/_next/static/chunks/pages/ip/%5B...itemParams%5D-ec494cd4c7c65f6fed79.js"><script type="text/javascript" async="" defer="" src="https://cdn.quantummetric.com/qscripts/quantum-walmart.js"></script><iframe style="display: none;" src="https://cdn.quantummetric.com/workers/quantum-walmart-worker.html"></iframe><iframe style="display: none;"></iframe></head><body><div id="__next"><div class=""><div data-testid="layout-container" class="flex flex-column min-vh-100 shadow-2" style="transform:none;transition:transform .2s"><span data-testid="global-header" class="bg-blue sticky w-100 top-0 z-1"><a link-identifier="Generic Name" href="#maincontent" class="slider skip-main bg-white-90">Skip to Main Content</a><header><div class="center flex items-center justify-center pa4"><a link-identifier="walmartLogo" aria-label="Walmart Homepage" class="flex-none mr3" href="/"><img loading="lazy" alt="Walmart" class="db" src="//i5.walmartimages.com/dfw/63fd9f59-b3e1/7a569e53-f29a-4c3d-bfaf-6f7a158bfadd/v1/walmartLogo.svg" width="130" height="32"></a><section><div class="relative"><button type="button" class="flex items-center no-underline ph3 white desktop-header-trigger lh-title b pointer ba b--transparent bg-transparent sans-serif" style="border-radius:100px;height:40px;transition:all 100ms cubic-bezier(0.77, 0, 0.175, 1)" aria-haspopup="true" aria-expanded="false"><i class="ld ld-Grid mr2" style="font-size:1rem;vertical-align:-0.175em" aria-hidden="true"></i>Departments</button><div class="absolute bg-white br3 br--bottom left-0 lh-copy mt4 overflow-hidden shadow-1 dn" data-testid="departments-flyout" style="left: 50%; transform: none; margin-left: -135px; max-height: 132px;"><div><div class="flex"><div class="f6 overflow-auto" style="width: 246px; max-height: 132px; height: 100%;"><ul class="list ma0 pa0 pb3 pt4"></ul></div></div></div></div></div></section><section><div class="relative"><button type="button" class="flex items-center no-underline ph3 white desktop-header-trigger lh-title b pointer ba b--transparent bg-transparent sans-serif" style="border-radius:100px;height:40px;transition:all 100ms cubic-bezier(0.77, 0, 0.175, 1)" aria-haspopup="true" aria-expanded="false"><i class="ld ld-Services mr2" style="font-size:1rem;vertical-align:-0.175em" aria-hidden="true"></i>Services</button><div class="absolute bg-white br3 br--bottom left-0 lh-copy mt4 overflow-hidden shadow-1 dn" data-testid="services-flyout" style="left: 50%; transform: none; margin-left: -135px; max-height: 132px;"><div><div class="flex"><div class="f6 overflow-auto" style="width: 246px; max-height: 132px; height: 100%;"><ul class="list ma0 pa0 pb3 pt4"></ul></div></div></div></div></div></section><form action="/search" autocomplete="off" class="flex-auto ml3" role="search"><div class="flex flex-auto items-center relative"><input type="search" aria-label="Search" aria-activedescendant="" class="b--none f5 flex-auto lh-solid sans-serif br-pill" name="q" placeholder="Search everything at Walmart online and in store" style="height:40px;padding-left:1rem;padding-right:2.5rem" value=""><button aria-label="Search icon" class="absolute bn br-100 bg-gold h3 w3" style="right:0.25rem;cursor:pointer"><i class="ld ld-Search absolute" style="font-size:1rem;vertical-align:-0.175em;top:50%;left:50%;transform:translate(-50%, -50%)" aria-hidden="true"></i></button></div></form><div class="ml3 relative"><a link-identifier="Reorder my items" class="flex items-center no-underline ph3 white desktop-header-trigger lh-title lh-solid" style="border-radius:100px;height:40px;transition:all 100ms cubic-bezier(0.77, 0, 0.175, 1)" aria-haspopup="true" aria-expanded="false" role="button" href="/my-items"><i class="ld ld-Reorder" style="font-size:1rem;vertical-align:-0.175em" aria-hidden="true"></i><div class="ml2 nowrap"><div class="f7 lh-title">Reorder</div><div class="b">My Items</div></div></a><div class="absolute bg-white br3 br--bottom left-0 lh-copy mt4 overflow-hidden shadow-1 dn" data-testid="my-items-flyout" style="left:50%;transform:translateX(-50%)"><div class="ph4 pt4 pb2"><a link-identifier="Reorder" class="dark-gray db f6 no-underline nowrap desktop-header-flyout-link mb3" href="/my-items"><i class="ld ld-Reorder mr2" style="font-size:1rem;vertical-align:-0.175em"></i>Reorder</a><a link-identifier="Lists" class="dark-gray db f6 no-underline nowrap desktop-header-flyout-link mb3" href="/lists"><i class="ld ld-Heart mr2" style="font-size:1rem;vertical-align:-0.175em"></i>Lists</a><a link-identifier="Registries" class="dark-gray db f6 no-underline nowrap desktop-header-flyout-link mb3" href="/my-registries"><i class="ld ld-Gift mr2" style="font-size:1rem;vertical-align:-0.175em"></i>Registries</a></div></div></div><div class="relative"><a link-identifier="Account" class="flex items-center no-underline ph3 white desktop-header-trigger lh-title lh-solid" style="border-radius:100px;height:40px;transition:all 100ms cubic-bezier(0.77, 0, 0.175, 1)" aria-haspopup="true" aria-expanded="false" role="button" href="/account/login?vid=oaoh"><i class="ld ld-User" style="font-size:1rem;vertical-align:-0.175em" aria-hidden="true"></i><div class="ml2 nowrap"><div class="f7 mw3 mw4-xl lh-title truncate">Sign In</div><div class="b">Account</div></div></a><div class="absolute bg-white br3 br--bottom left-0 lh-copy mt4 overflow-hidden shadow-1 dn" data-testid="account-flyout" style="left:50%;transform:translateX(-50%)"><div class="pa4"><button class="w_AP w_AR w_AV db mb3 w-100" type="button">Sign In</button><a link-identifier="Create an account" class="no-underline" href="/account/signup?vid=oaoh"><button class="w_AP w_AS w_AV db mb3 w-100" type="button" tabindex="-1">Create an account</button></a><hr aria-hidden="true" class="w_Ah mb3"><a link-identifier="Purchase History" class="dark-gray db f6 no-underline nowrap desktop-header-flyout-link" href="/orders"><i class="ld ld-Receipt mr2" style="font-size:1rem;vertical-align:-0.175em"></i>Purchase History</a></div></div></div><div class="ml3" style="width:40px"><button type="button" id="cart-button-header" aria-label="Cart contains 0 items" class="bn bg-transparent br2 db flex flex-column items-center pa0 pointer relative sans-serif white"><i class="ld ld-Cart white" style="font-size:1.5rem;vertical-align:-0.25em"></i><span class="w_f w_n w_l absolute " id="cart-badge" style="left: 65%; bottom: 70%; padding: 0px 4px;">0</span><span class="db" style="font-size: 0.625rem;">$0.00</span></button></div></div></header></span><div class="flex flex-column flex-auto relative z-0" aria-hidden="false"><section data-testid="location-banner" class="bg-dark-blue white pv1"><div class="center items-center flex flex-auto ph3 ph4-m" style="line-height:2"><button class="w_AP w_AT w_AV white hover-white pa0 no-underline outline-onfocus" type="button" name="select-store-button" tabindex="0"><i class="ld ld-Store mr2" style="font-size:1rem;vertical-align:-0.175em"></i><span class="f7 f6-m underline pointer">Sacramento Supercenter</span></button><span class="mh2">|</span><button class="w_AP w_AT w_AV white hover-white pa0 no-underline truncate outline-onfocus" type="button" name="select-location-button" tabindex="0"><i class="ld ld-Location mr2" style="font-size:1rem;vertical-align:-0.175em"></i><span class="f7 f6-m underline pointer truncate">Sacramento, 95829</span></button><div class="sub-nav-link-container h3 flex-wrap justify-end cg-2 overflow-hidden flex-auto f6-m b"><a link-identifier="Generic Name" href="https://www.walmart.com/cp/1735450" class="white no-underline highlight-focus-hover ph2">Grocery</a><a link-identifier="Generic Name" href="https://www.walmart.com/cp/clothing/5438" class="white no-underline highlight-focus-hover ph2">Fashion</a><a link-identifier="Generic Name" href="https://www.walmart.com/cp/home/4044" class="white no-underline highlight-focus-hover ph2">Home</a><a link-identifier="Generic Name" href="https://www.walmart.com/cp/toys/4171" class="white no-underline highlight-focus-hover ph2">Toys</a><a link-identifier="Generic Name" href="https://www.walmart.com/plus" class="white no-underline highlight-focus-hover ph2">Walmart+</a><a link-identifier="Generic Name" href="https://www.walmart.com/shop/deals" class="white no-underline highlight-focus-hover ph2">Savings hub</a><a link-identifier="Generic Name" href="https://www.walmart.com/ip/HP-11-6-Chromebook-AMD-A4-4GB-RAM-32GB-Storage-Black-16W64UT-ABA/592161882?athbdg=L1300" class="white no-underline highlight-focus-hover ph2">Deal of the Day</a></div></div></section><div class="flex-auto relative z-1"><div class="center mw1280 main-content"><main data-sis-url="http://preso-usgm-wcnp.prod.walmart.com/v1/search?query=&amp;facet=&amp;stores=3081&amp;cat_id=976759_976787_1001390&amp;sort=best_match&amp;page=1&amp;min_price=&amp;max_price=&amp;_be_shelf_id=&amp;ptss=&amp;trsp=&amp;prg=desktop&amp;stateOrProvinceCode=CA&amp;ps=40&amp;zipcode=95829&amp;module_search=&amp;inCatchment=true&amp;latitude=38.4744&amp;longitude=-121.3437&amp;extended_zipcode=95829&amp;addressId=&amp;hidden_facet=&amp;pickupStore=3081&amp;deliveryStore=3081&amp;translation=" data-ads-url="http://swag-wmt.prod.walmart.com/fs?prg=desktop&amp;query=&amp;cat_id=976759_976787_1001390&amp;_be_shelf_id=&amp;facet=&amp;page=1&amp;ps=10&amp;min_price=&amp;max_price=&amp;sort=best_match&amp;ptss=&amp;module_search=&amp;trsp=&amp;zipcode=95829&amp;stores=3081&amp;stateOrProvinceCode=CA&amp;latitude=38.4744&amp;longitude=-121.3437&amp;extended_zipcode=95829&amp;addressId=&amp;inCatchment=true&amp;pickupStore=3081&amp;deliveryStore=3081" class="overflow-hidden"><div data-testid="flex-container" class="flex flex-column h-100"><div class="h-100 relative"><div data-testid="flex-container" class="flex flex-column h-100"><div class="h-100 relative"><div class="overflow-x-auto nowrap hidesb hidesb-wk mr3"><nav aria-label="breadcrumb" class="pv3 pl3 ph4-xl"><ol class="w_4"><li class="w_5"><a class="w_7" itemprop="item" href="/cp/food/976759"><span itemprop="name">Food</span></a><span aria-hidden="true" class="w_6">/</span></li><li class="w_5"><a class="w_7" itemprop="item" href="/cp/snacks-cookies-chips/976787"><span itemprop="name">Snacks, Cookies &amp; Chips</span></a><span aria-hidden="true" class="w_6">/</span></li><li class="w_5"><a class="w_7 w_8" itemprop="item" aria-current="location" href="/cp/chips/1001390"><span itemprop="name">Chips</span></a></li></ol></nav></div><hr aria-hidden="true" class="w_Ah"><div class="w_Ar pa0" id="BROWSE-SkylineDisplayAd-top"><span data-testid="UnfilledAd"></span></div> <h3 class="ma3 clip o-0">Services related to your search</h3><section><a link-identifier="Variety Pack Chips" class="flex items-center no-underline mh4 mt4" target="_blank" href="/browse/food/variety-pack-chips/976759_976787_1001390_9634100?povid=1096070_976787_SearchBanner_VarietyPack_ChipsBrowse"><div class="w_z w_2 flex flex-auto items-center pa4 bg-washed-blue"><img loading="lazy" alt="Stock up with variety pack chips" src="https://i5.walmartimages.com/dfw/4ff9c6c9-9cf9/k2-_550d2574-4e92-419e-ae35-87264cb49ee2.v1.png" class="" aria-hidden="true" width="56" height="56"><div class="flex-auto mh4"><h4 class="b dark-gray mt0 f3 mb2 lh-solid">Variety Pack Chips</h4><div class="dark-gray f6">Individually packaged chips and snacks to take on the go!</div></div><span class="w_R">Shop Now Variety Pack Chips</span><span class="b black ba br4 b--black bg-white ph3 pv1" aria-hidden="true">Shop Now</span></div></a></section> <section class="pv3" aria-label="Quick refinements"><div class="flex flex-column justify-center relative"><button class="absolute dn z-999 bg-white br-100 pa0 pointer ba br-100 ba b--black nav-control left-1" aria-label="Previous slide for chipModule list"><i class="ld ld-ChevronLeft" style="font-size:1.5rem;vertical-align:-0.25em;padding:12px"></i></button><ul style="display:flex;grid-auto-flow:column;scroll-snap-type:x mandatory;max-height:fit-content" class="list ma0 pl0 overflow-x-scroll hidesb hidesb-wk relative overflow-y-hidden pl3 spl3 pl4-xl" data-testid="carousel-container"><li class="flex flex-column items-center" aria-hidden="false" data-slide="0" style="scroll-snap-align: start;"><button class="w_AJ w_AM mr2" type="button" role="link">Takis</button></li><li class="flex flex-column items-center" aria-hidden="false" data-slide="1"><button class="w_AJ w_AM mr2" type="button" role="link">Doritos</button></li><li class="flex flex-column items-center" aria-hidden="false" data-slide="2"><button class="w_AJ w_AM mr2" type="button" role="link">Pringles</button></li><li class="flex flex-column items-center" aria-hidden="false" data-slide="3"><button class="w_AJ w_AM mr2" type="button" role="link">Funyuns</button></li><li class="flex flex-column items-center" aria-hidden="false" data-slide="4"><button class="w_AJ w_AM mr2" type="button" role="link">Ruffles</button></li><li class="flex flex-column items-center" aria-hidden="false" data-slide="5"><button class="w_AJ w_AM mr2" type="button" role="link">Fritos</button></li><li class="flex flex-column items-center" aria-hidden="false" data-slide="6"><button class="w_AJ w_AM mr2" type="button" role="link">Potato Chips</button></li><li class="flex flex-column items-center" aria-hidden="false" data-slide="7"><button class="w_AJ w_AM mr2" type="button" role="link">Tortilla Chips</button></li><li class="flex flex-column items-center" aria-hidden="false" data-slide="8"><button class="w_AJ w_AM mr2" type="button" role="link">Sun Chips</button></li><li class="flex flex-column items-center" aria-hidden="false" data-slide="9"><button class="w_AJ w_AM mr2" type="button" role="link">Kettle Chips</button></li><li class="flex flex-column items-center" aria-hidden="false" data-slide="10"><button class="w_AJ w_AM mr2" type="button" role="link">Pita Chips</button></li><li class="flex flex-column items-center" aria-hidden="false" data-slide="11"><button class="w_AJ w_AM mr2" type="button" role="link">Lay's Potato Chips</button></li><li class="flex flex-column items-center" aria-hidden="true" data-slide="12" style="scroll-snap-align: start;"><button class="w_AJ w_AM mr2" type="button" role="link">Cape Cod Chips</button></li><li class="flex flex-column items-center" aria-hidden="true" data-slide="13"><button class="w_AJ w_AM mr2" type="button" role="link">Zapp's Chips</button></li><li class="flex flex-column items-center" aria-hidden="true" data-slide="14"><button class="w_AJ w_AM mr2" type="button" role="link">Popped Chips</button></li><li class="flex flex-column items-center" aria-hidden="true" data-slide="15"><button class="w_AJ w_AM mr2" type="button" role="link">Veggie Chips</button></li><li class="flex flex-column items-center" aria-hidden="true" data-slide="16"><button class="w_AJ w_AM mr2" type="button" role="link">Corn Chips</button></li><li class="flex flex-column items-center" aria-hidden="true" data-slide="17"><button class="w_AJ w_AM mr2" type="button" role="link">Terra Chips</button></li><li class="flex flex-column items-center" aria-hidden="true" data-slide="18"><button class="w_AJ w_AM mr2" type="button" role="link">Rye Chips</button></li><li class="flex flex-column items-center" aria-hidden="true" data-slide="19"><button class="w_AJ w_AM mr2" type="button" role="link">Utz Potato Chips</button></li><li class="flex flex-column items-center" aria-hidden="true" data-slide="20"><button class="w_AJ w_AM mr2 mr4-xl" type="button" role="link">Variety Pack Chips</button></li></ul><button class="absolute dn z-999 bg-white br-100 pa0 pointer ba db-l br-100 ba b--black nav-control right-1 db" aria-label="Next slide for chipModule list"><i class="ld ld-ChevronRight" style="font-size:1.5rem;vertical-align:-0.25em;padding:12px"></i></button></div><div class="dn"><a link-identifier="Generic Name" href="/browse/food/takis/976759_976787_1001390_9805889_8841615">Takis</a><a link-identifier="Generic Name" href="https://www.walmart.com/browse/food/doritos/976759_976787_1001390_4274370">Doritos</a><a link-identifier="Generic Name" href="/browse/food/pringles/976759_976787_1001390_4402657_3654690">Pringles</a><a link-identifier="Generic Name" href="/browse/food/funyuns/976759_976787_1001390_9805889_1837733">Funyuns</a><a link-identifier="Generic Name" href="/browse/food/ruffles/976759_976787_1001390_4402657_9174797">Ruffles</a><a link-identifier="Generic Name" href="/browse/food/fritos/976759_976787_1001390_9805889_8357039">Fritos</a><a link-identifier="Generic Name" href="/browse/food/potato-chips/976759_976787_1001390_4402657">Potato Chips</a><a link-identifier="Generic Name" href="/browse/food/tortilla-chips/976759_976787_1001390_4501185">Tortilla Chips</a><a link-identifier="Generic Name" href="/browse/food/sun-chips/976759_976787_1001390_4084278_6046723">Sun Chips</a><a link-identifier="Generic Name" href="/browse/food/kettle-chips/976759_976787_1001390_2523039">Kettle Chips</a><a link-identifier="Generic Name" href="/browse/food/pita-chips-bagel-chips/976759_976787_1001390_8083609">Pita Chips</a><a link-identifier="Generic Name" href="/browse/food/lays-potato-chips/976759_976787_1001390_5517955">Lay's Potato Chips</a><a link-identifier="Generic Name" href="/browse/food/cape-cod-chips/976759_976787_1001390_2523039_2937197">Cape Cod Chips</a><a link-identifier="Generic Name" href="/browse/food/zapps-chips/976759_976787_1001390_2523039_5487688">Zapp's Chips</a><a link-identifier="Generic Name" href="/browse/food/popped-chips/976759_976787_1001390_4402657_9739086">Popped Chips</a><a link-identifier="Generic Name" href="/browse/food/veggie-chips-grain-chips/976759_976787_1001390_4084278">Veggie Chips</a><a link-identifier="Generic Name" href="/browse/food/corn-chips/976759_976787_1001390_9805889">Corn Chips</a><a link-identifier="Generic Name" href="/browse/food/terra-chips/976759_976787_1001390_4084278_2308053">Terra Chips</a><a link-identifier="Generic Name" href="/browse/food/rye-chips/976759_976787_1001390_2636409">Rye Chips</a><a link-identifier="Generic Name" href="/browse/food/utz-potato-chips/976759_976787_1001390_4402657_2212947">Utz Potato Chips</a><a link-identifier="Generic Name" href="/browse/food/variety-pack-chips/976759_976787_1001390_9634100">Variety Pack Chips</a></div></section><hr aria-hidden="true" class="w_Ah"> <div class="w-100 relative-m"><div><div data-stack-index="0" class="flex flex-column justify-center"><div class="flex flex-row items-center  flex-shrink-0"><section><div><div><div class="inline-flex mv3 ml3 ml4-xl mr1 db"><h1 class="f2 lh-title ma0 di f3">Chips – Walmart.com</h1><span class="f6 f5-m fw3 ml1 mt1-xl gray normal self-center">(1000+)</span></div></div></div></section></div><section><div class="flex flex-wrap w-100 flex-grow-0 flex-shrink-0 ph2 pr0-xl pl4-xl mt0-xl mt3"><div class="mb1 ph1 pa0-xl bb b--near-white w-25"><div class="h-100 pb1-xl pr4-xl pv1 ph1" style="content-visibility:auto;contain-intrinsic-size:198px 340px"><div data-item-id="33CYX1R8KNTK" data-ad-component-type="wpa-tile" class="sans-serif mid-gray relative flex flex-column w-100 "><a link-identifier="13448658" href="https://wrd.walmart.com/track?rdf=1&amp;adUid=5ae56148-c483-4d5e-8947-a05ac6c558ca&amp;plmt=sp-browse-middle~desktop~&amp;tax=976759_976787_1001390&amp;pltfm=desktop&amp;eventST=click&amp;pgId=976759_976787_1001390&amp;spQs=60-h2d0ckwvMWizthEXpTlpBzYlGJAF13vTWAYfTooe9_8F_b0Qj2GNKrGnsLHGV4dty2vNVKphEUpOMUm7zMMR5zPgaS36Yy3wDwlivHsLhg5LcSHWY0D2dbpzhrmuAe4xq3uVghFYwB1I8q-nicw0A8d7oPZPIUO0MGn57I6U&amp;storeId=3081&amp;pt=browse&amp;pos=1&amp;bt=1&amp;mloc=sp-browse-middle&amp;bkt=2478&amp;rd=https%3A%2F%2Fwww.walmart.com%2Fip%2FQuaker-Rice-Cakes-Whole-Grain-Chocolate-7-23-Oz%2F13448658%3Fathbdg%3DL1600&amp;athbdg=L1600" class="absolute w-100 h-100 z-1"><span class="w_R">Quaker Rice Cakes, Whole Grain Chocolate, 7.23 Oz.<!-- --> </span></a><div class="" data-testid="list-view"><div class=""><div class="h2 relative mb2"><span class="w_Du w_D0 w_D3 absolute">Best seller</span></div><div class="relative"><div class="relative overflow-hidden" style="max-width:290px;height:0;padding-bottom:min(290px, 100%);align-self:center;width:min(290px, 100%)"><img loading="eager" srcset="https://i5.walmartimages.com/asr/6600400c-bb4d-4cfb-b792-ce32faaeaec2_2.e450f0a19cf71d6a4a5edf8b4489584e.jpeg?odnHeight=290&amp;odnWidth=290&amp;odnBg=FFFFFF 1x, https://i5.walmartimages.com/asr/6600400c-bb4d-4cfb-b792-ce32faaeaec2_2.e450f0a19cf71d6a4a5edf8b4489584e.jpeg?odnHeight=580&amp;odnWidth=580&amp;odnBg=FFFFFF 2x" class="absolute top-0 left-0" data-testid="productTileImage" alt="" src="https://i5.walmartimages.com/asr/6600400c-bb4d-4cfb-b792-ce32faaeaec2_2.e450f0a19cf71d6a4a5edf8b4489584e.jpeg?odnHeight=580&amp;odnWidth=580&amp;odnBg=FFFFFF" width="" height=""></div><div class="z-2 absolute bottom--1"><div class="dib relative"><button class="w_AP w_AR w_AW pointer bn bg-blue hover-bg-dark-blue white sans-serif b w-auto ph2 flex items-center justify-center shadow-1" type="button" aria-label="Add to cart - Quaker Rice Cakes, Whole Grain Chocolate, 7.23 Oz."><i class="ld ld-Plus" style="font-size:1.5rem;vertical-align:-0.25em" title="add to cart"></i><span class="mr2">Add</span></button></div></div></div><div class="mt5 mb1" style="height:24px" data-testid="variant-33CYX1R8KNTK"><div class="flex items-center lh-title h2-l normal"><span class="gray f7">Sponsored</span></div></div></div><div class=""><div class="flex flex-wrap justify-start items-center lh-title mb2 mb1-m"><div class="b black f5 mr1 mr2-xl lh-copy f4-l" aria-hidden="true">$3.00</div><span class="w_R">current price $3.00</span><div class="f7 f6-l gray mr1">41.5 ¢/oz</div></div><span class="w_N" style="-webkit-line-clamp:3;padding-bottom:0em;margin-bottom:-0em"><span class="f6 f5-l normal dark-gray mb0 mt1 lh-title">Quaker Rice Cakes, Whole Grain Chocolate, 7.23 Oz.</span></span><div class="mt2 flex items-center"><span class="black inline-flex mr1"><i class="ld ld-StarFill" style="font-size:12px;vertical-align:-0.175em" aria-hidden="true"></i><i class="ld ld-StarFill" style="font-size:12px;vertical-align:-0.175em" aria-hidden="true"></i><i class="ld ld-StarFill" style="font-size:12px;vertical-align:-0.175em" aria-hidden="true"></i><i class="ld ld-StarFill" style="font-size:12px;vertical-align:-0.175em" aria-hidden="true"></i><i class="ld ld-StarHalf" style="font-size:12px;vertical-align:-0.175em" aria-hidden="true"></i></span><span class="sans-serif gray f7" aria-hidden="true">658</span><span class="w_R">4.6 out of 5 Stars. 658 reviews</span></div><div class="mv2 flex items-center"><div class="f7 mr1 blue b lh-copy">Save with</div><img loading="lazy" class="pr2 flex" src="//i5.walmartimages.com/dfw/63fd9f59-ac39/29c6759d-7f14-49fa-bd3a-b870eb4fb8fb/v1/wplus-icon-blue.svg" alt="Walmart Plus" width="20" height="20"></div><div class="mt2 mb2"><span class="w_Du w_D0 w_D4 mr1 mt1 ph1">Pickup</span><span class="w_Du w_D0 w_D4 mr1 mt1 ph1">Delivery</span><span class="w_Du w_D0 w_D4 mr1 mt1 ph1">1-day shipping</span></div></div></div></div></div></div><div class="mb1 ph1 pa0-xl bb b--near-white w-25"><div class="h-100 pb1-xl pr4-xl pv1 ph1" style="content-visibility:auto;contain-intrinsic-size:198px 340px"><div data-item-id="2RS9QU0A97GH" data-ad-component-type="wpa-tile" class="sans-serif mid-gray relative flex flex-column w-100 "><a link-identifier="10312636" href="https://wrd.walmart.com/track?rdf=1&amp;adUid=5ae56148-c483-4d5e-8947-a05ac6c558ca&amp;plmt=sp-browse-middle~desktop~&amp;tax=976759_976787_1001390&amp;pltfm=desktop&amp;eventST=click&amp;pgId=976759_976787_1001390&amp;spQs=p9tXsgBocz3ViI5xOjKExlpBzYlGJAF13vTWAYfToodHjyCc8wx3XYpRac-Zv_Vv4dty2vNVKphEUpOMUm7zMMR5zPgaS36Yy3wDwlivHsJ_3uxBjUKEMfRz9eyo8H35kPU9r6UOhAeEJPPh1lJHp3hFIs-8YaGO-XXt86H-poA&amp;storeId=3081&amp;pt=browse&amp;pos=2&amp;bt=1&amp;mloc=sp-browse-middle&amp;bkt=2478&amp;rd=https%3A%2F%2Fwww.walmart.com%2Fip%2FQuaker-Rice-Crisps-Caramel-Corn-7-04-oz-Bag%2F10312636&amp;/ip/Quaker-Rice-Crisps-Caramel-Corn-7-04-oz-Bag/10312636" class="absolute w-100 h-100 z-1"><span class="w_R">Quaker Rice Crisps, Caramel Corn, 7.04 oz Bag<!-- --> </span></a><div class="" data-testid="list-view"><div class=""><div class="h2 relative mb2"></div><div class="relative"><div class="relative overflow-hidden" style="max-width:290px;height:0;padding-bottom:min(290px, 100%);align-self:center;width:min(290px, 100%)"><img loading="eager" srcset="https://i5.walmartimages.com/asr/2cec9d58-45f4-4786-bac7-ee2309464516_1.74a086cac178fbe196598dec9f566711.jpeg?odnHeight=290&amp;odnWidth=290&amp;odnBg=FFFFFF 1x, https://i5.walmartimages.com/asr/2cec9d58-45f4-4786-bac7-ee2309464516_1.74a086cac178fbe196598dec9f566711.jpeg?odnHeight=580&amp;odnWidth=580&amp;odnBg=FFFFFF 2x" class="absolute top-0 left-0" data-testid="productTileImage" alt="" src="https://i5.walmartimages.com/asr/2cec9d58-45f4-4786-bac7-ee2309464516_1.74a086cac178fbe196598dec9f566711.jpeg?odnHeight=580&amp;odnWidth=580&amp;odnBg=FFFFFF" width="" height=""></div><div class="z-2 absolute bottom--1"><div class="dib relative"><button class="w_AP w_AR w_AW pointer bn bg-blue hover-bg-dark-blue white sans-serif b w-auto ph2 flex items-center justify-center shadow-1" type="button" aria-label="Add to cart - Quaker Rice Crisps, Caramel Corn, 7.04 oz Bag"><i class="ld ld-Plus" style="font-size:1.5rem;vertical-align:-0.25em" title="add to cart"></i><span class="mr2">Add</span></button></div></div></div><div class="mt5 mb1" style="height:24px" data-testid="variant-2RS9QU0A97GH"><div class="flex items-center lh-title h2-l normal"><span class="gray f7">Sponsored</span></div></div></div><div class=""><div class="flex flex-wrap justify-start items-center lh-title mb2 mb1-m"><div class="b black f5 mr1 mr2-xl lh-copy f4-l" aria-hidden="true">$3.54</div><span class="w_R">current price $3.54</span><div class="f7 f6-l gray mr1">50.3 ¢/oz</div></div><span class="w_N" style="-webkit-line-clamp:3;padding-bottom:0em;margin-bottom:-0em"><span class="f6 f5-l normal dark-gray mb0 mt1 lh-title">Quaker Rice Crisps, Caramel Corn, 7.04 oz Bag</span></span><div class="mt2 flex items-center"><span class="black inline-flex mr1"><i class="ld ld-StarFill" style="font-size:12px;vertical-align:-0.175em" aria-hidden="true"></i><i class="ld ld-StarFill" style="font-size:12px;vertical-align:-0.175em" aria-hidden="true"></i><i class="ld ld-StarFill" style="font-size:12px;vertical-align:-0.175em" aria-hidden="true"></i><i class="ld ld-StarFill" style="font-size:12px;vertical-align:-0.175em" aria-hidden="true"></i><i class="ld ld-StarHalf" style="font-size:12px;vertical-align:-0.175em" aria-hidden="true"></i></span><span class="sans-serif gray f7" aria-hidden="true">902</span><span class="w_R">4.6 out of 5 Stars. 902 reviews</span></div><div class="mv2 flex items-center"><div class="f7 mr1 blue b lh-copy">Save with</div><img loading="lazy" class="pr2 flex" src="//i5.walmartimages.com/dfw/63fd9f59-ac39/29c6759d-7f14-49fa-bd3a-b870eb4fb8fb/v1/wplus-icon-blue.svg" alt="Walmart Plus" width="20" height="20"></div><div class="mt2 mb2"><span class="w_Du w_D0 w_D4 mr1 mt1 ph1">Pickup</span><span class="w_Du w_D0 w_D4 mr1 mt1 ph1">Delivery</span><span class="w_Du w_D0 w_D4 mr1 mt1 ph1">1-day shipping</span></div></div></div></div></div></div><div class="mb1 ph1 pa0-xl bb b--near-white w-25"><div class="h-100 pb1-xl pr4-xl pv1 ph1" style="content-visibility:auto;contain-intrinsic-size:198px 340px"><div data-item-id="5MHCB566IS07" data-ad-component-type="wpa-tile" class="sans-serif mid-gray relative flex flex-column w-100 "><a link-identifier="954829676" href="https://wrd.walmart.com/track?rdf=1&amp;adUid=5ae56148-c483-4d5e-8947-a05ac6c558ca&amp;plmt=sp-browse-middle~desktop~&amp;tax=976759_976787_1001390&amp;pltfm=desktop&amp;eventST=click&amp;pgId=976759_976787_1001390&amp;spQs=c2QX7cU6z1qcg6aGXo5vt3z7wMcs-1YLPDtDr2WnccB0Wkf1PEHpTQkTsXf2PgxdNtTebT5vsFKb9FWQ473LbuENDskSEUtDySVyqkj8MJeTztwYN1BCFuu6rs4GMOWonTGv0RAY1bfLB1SBBvLBtPKrLkRi_iyb-q1aB7i_hY8&amp;storeId=3081&amp;pt=browse&amp;pos=3&amp;bt=1&amp;mloc=sp-browse-middle&amp;bkt=2478&amp;rd=https%3A%2F%2Fwww.walmart.com%2Fip%2FChef-Robert-Irvine-s-FITCRUNCH-Chocolate-Chip-Cookie-Dough-High-Protein-Baked-Bar-16g-Protein-9-73-oz-6ct%2F954829676%3Fathbdg%3DL1600&amp;athbdg=L1600" class="absolute w-100 h-100 z-1"><span class="w_R">Chef Robert Irvine's FITCRUNCH Chocolate Chip Cookie Dough, High Protein Baked Bar, 16g Protein, 9.73 oz., 6ct<!-- --> </span></a><div class="" data-testid="list-view"><div class=""><div class="h2 relative mb2"><span class="w_Du w_D0 w_D3 absolute">Best seller</span></div><div class="relative"><div class="relative overflow-hidden" style="max-width:290px;height:0;padding-bottom:min(290px, 100%);align-self:center;width:min(290px, 100%)"><img loading="eager" srcset="https://i5.walmartimages.com/asr/a96e3e60-5955-49b1-877f-52af599f916b.7828444cab5856a4791e2e40ec5d35d0.jpeg?odnHeight=290&amp;odnWidth=290&amp;odnBg=FFFFFF 1x, https://i5.walmartimages.com/asr/a96e3e60-5955-49b1-877f-52af599f916b.7828444cab5856a4791e2e40ec5d35d0.jpeg?odnHeight=580&amp;odnWidth=580&amp;odnBg=FFFFFF 2x" class="absolute top-0 left-0" data-testid="productTileImage" alt="" src="https://i5.walmartimages.com/asr/a96e3e60-5955-49b1-877f-52af599f916b.7828444cab5856a4791e2e40ec5d35d0.jpeg?odnHeight=580&amp;odnWidth=580&amp;odnBg=FFFFFF" width="" height=""></div><div class="z-2 absolute bottom--1"><div class="dib relative"><button class="w_AP w_AR w_AW pointer bn bg-blue hover-bg-dark-blue white sans-serif b w-auto ph2 flex items-center justify-center shadow-1" type="button" aria-label="Add to cart - Chef Robert Irvine's FITCRUNCH Chocolate Chip Cookie Dough, High Protein Baked Bar, 16g Protein, 9.73 oz., 6ct"><i class="ld ld-Plus" style="font-size:1.5rem;vertical-align:-0.25em" title="add to cart"></i><span class="mr2">Add</span></button></div></div></div><div class="mt5 mb1" style="height:24px" data-testid="variant-5MHCB566IS07"><div class="flex items-center lh-title h2-l normal"><span class="gray f7">Sponsored</span></div></div></div><div class=""><div class="flex flex-wrap justify-start items-center lh-title mb2 mb1-m"><div class="b black f5 mr1 mr2-xl lh-copy f4-l" aria-hidden="true">$6.98</div><span class="w_R">current price $6.98</span><div class="f7 f6-l gray mr1">$1.16/ea</div></div><span class="w_N" style="-webkit-line-clamp:3;padding-bottom:0em;margin-bottom:-0em"><span class="f6 f5-l normal dark-gray mb0 mt1 lh-title">Chef Robert Irvine's FITCRUNCH Chocolate Chip Cookie Dough, High Protein Baked Bar, 16g Protein, 9.73 oz., 6ct</span></span><div class="mt2 flex items-center"><span class="black inline-flex mr1"><i class="ld ld-StarFill" style="font-size:12px;vertical-align:-0.175em" aria-hidden="true"></i><i class="ld ld-StarFill" style="font-size:12px;vertical-align:-0.175em" aria-hidden="true"></i><i class="ld ld-StarFill" style="font-size:12px;vertical-align:-0.175em" aria-hidden="true"></i><i class="ld ld-StarFill" style="font-size:12px;vertical-align:-0.175em" aria-hidden="true"></i><i class="ld ld-StarHalf" style="font-size:12px;vertical-align:-0.175em" aria-hidden="true"></i></span><span class="sans-serif gray f7" aria-hidden="true">104</span><span class="w_R">4.6 out of 5 Stars. 104 reviews</span></div><div class="mv2 flex items-center"><div class="f7 mr1 blue b lh-copy">Save with</div><img loading="lazy" class="pr2 flex" src="//i5.walmartimages.com/dfw/63fd9f59-ac39/29c6759d-7f14-49fa-bd3a-b870eb4fb8fb/v1/wplus-icon-blue.svg" alt="Walmart Plus" width="20" height="20"></div><div class="mt2 mb2"><span class="w_Du w_D0 w_D4 mr1 mt1 ph1">Pickup</span><span class="w_Du w_D0 w_D4 mr1 mt1 ph1">Delivery</span><span class="w_Du w_D0 w_D4 mr1 mt1 ph1">1-day shipping</span></div></div></div></div></div></div><div class="mb1 ph1 pa0-xl bb b--near-white w-25"><div class="h-100 pb1-xl pr4-xl pv1 ph1" style="content-visibility:auto;contain-intrinsic-size:198px 340px"><div data-item-id="0ZBM6F8R5T9V" data-ad-component-type="wpa-tile" class="sans-serif mid-gray relative flex flex-column w-100 "><a link-identifier="601061875" href="https://wrd.walmart.com/track?rdf=1&amp;adUid=5ae56148-c483-4d5e-8947-a05ac6c558ca&amp;plmt=sp-browse-middle~desktop~&amp;tax=976759_976787_1001390&amp;pltfm=desktop&amp;eventST=click&amp;pgId=976759_976787_1001390&amp;spQs=ieKLluwtGZOUM9W6bv0y2HeYgDN-ja7ws8g-oBgk50Lu51-3x-MP1-Kw7YcBR3YZoaPmGiVPMt2iWHm7NTfSwLW71zk894Gz66z_uqRA_volDEmTkZdsaFMYnu2rq0VV6K4BqED7HOkjQ5Tos9P4t0imKnTTQtZNIODCKzTs2tY&amp;storeId=3081&amp;pt=browse&amp;pos=4&amp;bt=1&amp;mloc=sp-browse-middle&amp;bkt=2478&amp;rd=https%3A%2F%2Fwww.walmart.com%2Fip%2FQuaker-Rice-Crisps-Sweet-Savory-Variety-Pack-14-Count%2F601061875%3Fathbdg%3DL1600&amp;athbdg=L1600" class="absolute w-100 h-100 z-1"><span class="w_R">Quaker Rice Crisps, Sweet &amp; Savory Variety Pack, 14 Count<!-- --> </span></a><div class="" data-testid="list-view"><div class=""><div class="h2 relative mb2"><span class="w_Du w_D0 w_D3 absolute">Best seller</span></div><div class="relative"><div class="relative overflow-hidden" style="max-width:290px;height:0;padding-bottom:min(290px, 100%);align-self:center;width:min(290px, 100%)"><img loading="eager" srcset="https://i5.walmartimages.com/asr/5c565c99-d1f8-4c9d-83df-be28ecc0d928_1.bdb6c5c809a573246b8c72fbe5329901.jpeg?odnHeight=290&amp;odnWidth=290&amp;odnBg=FFFFFF 1x, https://i5.walmartimages.com/asr/5c565c99-d1f8-4c9d-83df-be28ecc0d928_1.bdb6c5c809a573246b8c72fbe5329901.jpeg?odnHeight=580&amp;odnWidth=580&amp;odnBg=FFFFFF 2x" class="absolute top-0 left-0" data-testid="productTileImage" alt="" src="https://i5.walmartimages.com/asr/5c565c99-d1f8-4c9d-83df-be28ecc0d928_1.bdb6c5c809a573246b8c72fbe5329901.jpeg?odnHeight=580&amp;odnWidth=580&amp;odnBg=FFFFFF" width="" height=""></div><div class="z-2 absolute bottom--1"><div class="dib relative"><button class="w_AP w_AR w_AW pointer bn bg-blue hover-bg-dark-blue white sans-serif b w-auto ph2 flex items-center justify-center shadow-1" type="button" aria-label="Add to cart - Quaker Rice Crisps, Sweet &amp; Savory Variety Pack, 14 Count"><i class="ld ld-Plus" style="font-size:1.5rem;vertical-align:-0.25em" title="add to cart"></i><span class="mr2">Add</span></button></div></div></div><div class="mt5 mb1" style="height:24px" data-testid="variant-0ZBM6F8R5T9V"><div class="flex items-center lh-title h2-l normal"><span class="gray f7">Sponsored</span></div></div></div><div class=""><div class="flex flex-wrap justify-start items-center lh-title mb2 mb1-m"><div class="b black f5 mr1 mr2-xl lh-copy f4-l" aria-hidden="true">$8.30</div><span class="w_R">current price $8.30</span><div class="f7 f6-l gray mr1">74.8 ¢/oz</div></div><span class="w_N" style="-webkit-line-clamp:3;padding-bottom:0em;margin-bottom:-0em"><span class="f6 f5-l normal dark-gray mb0 mt1 lh-title">Quaker Rice Crisps, Sweet &amp; Savory Variety Pack, 14 Count</span></span><div class="mt2 flex items-center"><span class="black inline-flex mr1"><i class="ld ld-StarFill" style="font-size:12px;vertical-align:-0.175em" aria-hidden="true"></i><i class="ld ld-StarFill" style="font-size:12px;vertical-align:-0.175em" aria-hidden="true"></i><i class="ld ld-StarFill" style="font-size:12px;vertical-align:-0.175em" aria-hidden="true"></i><i class="ld ld-StarFill" style="font-size:12px;vertical-align:-0.175em" aria-hidden="true"></i><i class="ld ld-StarHalf" style="font-size:12px;vertical-align:-0.175em" aria-hidden="true"></i></span><span class="sans-serif gray f7" aria-hidden="true">1457</span><span class="w_R">4.5 out of 5 Stars. 1457 reviews</span></div><div class="mv2 flex items-center"><div class="f7 mr1 blue b lh-copy">Save with</div><img loading="lazy" class="pr2 flex" src="//i5.walmartimages.com/dfw/63fd9f59-ac39/29c6759d-7f14-49fa-bd3a-b870eb4fb8fb/v1/wplus-icon-blue.svg" alt="Walmart Plus" width="20" height="20"></div><div class="mt2 mb2"><span class="w_Du w_D0 w_D4 mr1 mt1 ph1">Pickup</span><span class="w_Du w_D0 w_D4 mr1 mt1 ph1">Delivery</span><span class="w_Du w_D0 w_D4 mr1 mt1 ph1">1-day shipping</span></div></div></div></div></div></div><div class="mb1 ph1 pa0-xl bb b--near-white w-25"><div class="h-100 pb1-xl pr4-xl pv1 ph1" style="content-visibility:auto;contain-intrinsic-size:198px 340px"><div data-item-id="4GPWC79YPUEZ" class="sans-serif mid-gray relative flex flex-column w-100 "><a link-identifier="433078517" class="absolute w-100 h-100 z-1" href="/ip/Doritos-Nacho-Cheese-Flavored-Tortilla-Chips-Party-Size-14-5-oz-Bag/433078517?athbdg=L1200"><span class="w_R">Doritos Nacho Cheese Flavored Tortilla Chips, Party Size, 14.5 oz Bag<!-- --> </span></a><div class="" data-testid="list-view"><div class=""><div class="h2 relative mb2"><span class="w_Du w_D0 w_D3 absolute">Popular pick</span></div><div class="relative"><div class="relative overflow-hidden" style="max-width:290px;height:0;padding-bottom:min(290px, 100%);align-self:center;width:min(290px, 100%)"><img loading="lazy" srcset="https://i5.walmartimages.com/asr/2396257b-2d84-4661-9967-163e4ff3ecfd.3a30ab33a401d8be31ea9fbaf599d561.jpeg?odnHeight=290&amp;odnWidth=290&amp;odnBg=FFFFFF 1x, https://i5.walmartimages.com/asr/2396257b-2d84-4661-9967-163e4ff3ecfd.3a30ab33a401d8be31ea9fbaf599d561.jpeg?odnHeight=580&amp;odnWidth=580&amp;odnBg=FFFFFF 2x" class="absolute top-0 left-0" data-testid="productTileImage" alt="" src="https://i5.walmartimages.com/asr/2396257b-2d84-4661-9967-163e4ff3ecfd.3a30ab33a401d8be31ea9fbaf599d561.jpeg?odnHeight=580&amp;odnWidth=580&amp;odnBg=FFFFFF" width="" height=""></div><div class="z-2 absolute bottom--1"><div class="dib relative"><button class="w_AP w_AR w_AW pointer bn bg-blue hover-bg-dark-blue white sans-serif b w-auto ph2 flex items-center justify-center shadow-1" type="button" aria-label="Add to cart - Doritos Nacho Cheese Flavored Tortilla Chips, Party Size, 14.5 oz Bag"><i class="ld ld-Plus" style="font-size:1.5rem;vertical-align:-0.25em" title="add to cart"></i><span class="mr2">Add</span></button></div></div></div><div class="mt5 mb1" style="height:24px" data-testid="variant-4GPWC79YPUEZ"></div></div><div class=""><div class="flex flex-wrap justify-start items-center lh-title mb2 mb1-m"><div class="b black f5 mr1 mr2-xl lh-copy f4-l" aria-hidden="true">$4.48</div><span class="w_R">current price $4.48</span><div class="f7 f6-l gray mr1">30.9 ¢/oz</div></div><span class="w_N" style="-webkit-line-clamp:3;padding-bottom:0em;margin-bottom:-0em"><span class="f6 f5-l normal dark-gray mb0 mt1 lh-title">Doritos Nacho Cheese Flavored Tortilla Chips, Party Size, 14.5 oz Bag</span></span><div class="mt2 flex items-center"><span class="black inline-flex mr1"><i class="ld ld-StarFill" style="font-size:12px;vertical-align:-0.175em" aria-hidden="true"></i><i class="ld ld-StarFill" style="font-size:12px;vertical-align:-0.175em" aria-hidden="true"></i><i class="ld ld-StarFill" style="font-size:12px;vertical-align:-0.175em" aria-hidden="true"></i><i class="ld ld-StarFill" style="font-size:12px;vertical-align:-0.175em" aria-hidden="true"></i><i class="ld ld-Star" style="font-size:12px;vertical-align:-0.175em" aria-hidden="true"></i></span><span class="sans-serif gray f7" aria-hidden="true">272</span><span class="w_R">4 out of 5 Stars. 272 reviews</span></div><div class="mv2 flex items-center"><div class="f7 mr1 blue b lh-copy">Save with</div><img loading="lazy" class="pr2 flex" src="//i5.walmartimages.com/dfw/63fd9f59-ac39/29c6759d-7f14-49fa-bd3a-b870eb4fb8fb/v1/wplus-icon-blue.svg" alt="Walmart Plus" width="20" height="20"></div><div class="mt2 mb2"><span class="w_Du w_D0 w_D4 mr1 mt1 ph1">Pickup</span><span class="w_Du w_D0 w_D4 mr1 mt1 ph1">Delivery</span></div></div></div></div></div></div><div class="mb1 ph1 pa0-xl bb b--near-white w-25"><div class="h-100 pb1-xl pr4-xl pv1 ph1" style="content-visibility:auto;contain-intrinsic-size:198px 340px"><div data-item-id="31F9DOE2RGKJ" class="sans-serif mid-gray relative flex flex-column w-100 "><a link-identifier="677669806" class="absolute w-100 h-100 z-1" href="/ip/Lay-s-Classic-Potato-Chips-Party-Size-13-oz-Bag/677669806?athbdg=L1600"><span class="w_R">Lay's Classic Potato Chips, Party Size, 13 oz Bag<!-- --> </span></a><div class="" data-testid="list-view"><div class=""><div class="h2 relative mb2"><span class="w_Du w_D0 w_D3 absolute">Best seller</span></div><div class="relative"><div class="relative overflow-hidden" style="max-width:290px;height:0;padding-bottom:min(290px, 100%);align-self:center;width:min(290px, 100%)"><img loading="lazy" srcset="https://i5.walmartimages.com/asr/15b0a328-0403-4e27-b256-698e69675801.4479d277258b0bb9993670ed400a98d0.jpeg?odnHeight=290&amp;odnWidth=290&amp;odnBg=FFFFFF 1x, https://i5.walmartimages.com/asr/15b0a328-0403-4e27-b256-698e69675801.4479d277258b0bb9993670ed400a98d0.jpeg?odnHeight=580&amp;odnWidth=580&amp;odnBg=FFFFFF 2x" class="absolute top-0 left-0" data-testid="productTileImage" alt="" src="https://i5.walmartimages.com/asr/15b0a328-0403-4e27-b256-698e69675801.4479d277258b0bb9993670ed400a98d0.jpeg?odnHeight=580&amp;odnWidth=580&amp;odnBg=FFFFFF" width="" height=""></div><div class="z-2 absolute bottom--1"><div class="dib relative"><button class="w_AP w_AR w_AW pointer bn bg-blue hover-bg-dark-blue white sans-serif b w-auto ph2 flex items-center justify-center shadow-1" type="button" aria-label="Add to cart - Lay's Classic Potato Chips, Party Size, 13 oz Bag"><i class="ld ld-Plus" style="font-size:1.5rem;vertical-align:-0.25em" title="add to cart"></i><span class="mr2">Add</span></button></div></div></div><div class="mt5 mb1" style="height:24px" data-testid="variant-31F9DOE2RGKJ"></div></div><div class=""><div class="flex flex-wrap justify-start items-center lh-title mb2 mb1-m"><div class="b black f5 mr1 mr2-xl lh-copy f4-l" aria-hidden="true">$4.48</div><span class="w_R">current price $4.48</span><div class="f7 f6-l gray mr1">34.5 ¢/oz</div></div><span class="w_N" style="-webkit-line-clamp:3;padding-bottom:0em;margin-bottom:-0em"><span class="f6 f5-l normal dark-gray mb0 mt1 lh-title">Lay's Classic Potato Chips, Party Size, 13 oz Bag</span></span><div class="mt2 flex items-center"><span class="black inline-flex mr1"><i class="ld ld-StarFill" style="font-size:12px;vertical-align:-0.175em" aria-hidden="true"></i><i class="ld ld-StarFill" style="font-size:12px;vertical-align:-0.175em" aria-hidden="true"></i><i class="ld ld-StarFill" style="font-size:12px;vertical-align:-0.175em" aria-hidden="true"></i><i class="ld ld-StarFill" style="font-size:12px;vertical-align:-0.175em" aria-hidden="true"></i><i class="ld ld-Star" style="font-size:12px;vertical-align:-0.175em" aria-hidden="true"></i></span><span class="sans-serif gray f7" aria-hidden="true">1415</span><span class="w_R">4.1 out of 5 Stars. 1415 reviews</span></div><div class="mv2 flex items-center"><div class="f7 mr1 blue b lh-copy">Save with</div><img loading="lazy" class="pr2 flex" src="//i5.walmartimages.com/dfw/63fd9f59-ac39/29c6759d-7f14-49fa-bd3a-b870eb4fb8fb/v1/wplus-icon-blue.svg" alt="Walmart Plus" width="20" height="20"></div><div class="mt2 mb2"><span class="w_Du w_D0 w_D4 mr1 mt1 ph1">Pickup</span><span class="w_Du w_D0 w_D4 mr1 mt1 ph1">Delivery</span></div></div></div></div></div></div><div class="mb1 ph1 pa0-xl bb b--near-white w-25"><div class="h-100 pb1-xl pr4-xl pv1 ph1" style="content-visibility:auto;contain-intrinsic-size:198px 340px"><div data-item-id="75D63SH18BIF" class="sans-serif mid-gray relative flex flex-column w-100 "><a link-identifier="984440765" class="absolute w-100 h-100 z-1" href="/ip/Frito-Lay-Flavor-Mix-Snacks-Variety-Pack-Party-Size-28-Count-Assortment-May-Vary/984440765?athbdg=L1600"><span class="w_R">Frito-Lay Flavor Mix Snacks Variety Pack, Party Size, 28 Count (Assortment May Vary)<!-- --> </span></a><div class="" data-testid="list-view"><div class=""><div class="h2 relative mb2"><span class="w_Du w_D0 w_D3 absolute">Best seller</span></div><div class="relative"><div class="relative overflow-hidden" style="max-width:290px;height:0;padding-bottom:min(290px, 100%);align-self:center;width:min(290px, 100%)"><img loading="lazy" srcset="https://i5.walmartimages.com/asr/09f62f48-52e5-4e03-9ce5-855a3172f555.eef7bf767aef87511d24d0eade2c88b6.jpeg?odnHeight=290&amp;odnWidth=290&amp;odnBg=FFFFFF 1x, https://i5.walmartimages.com/asr/09f62f48-52e5-4e03-9ce5-855a3172f555.eef7bf767aef87511d24d0eade2c88b6.jpeg?odnHeight=580&amp;odnWidth=580&amp;odnBg=FFFFFF 2x" class="absolute top-0 left-0" data-testid="productTileImage" alt="" src="https://i5.walmartimages.com/asr/09f62f48-52e5-4e03-9ce5-855a3172f555.eef7bf767aef87511d24d0eade2c88b6.jpeg?odnHeight=580&amp;odnWidth=580&amp;odnBg=FFFFFF" width="" height=""></div><div class="z-2 absolute bottom--1"><div class="dib relative"><button class="w_AP w_AR w_AW pointer bn bg-blue hover-bg-dark-blue white sans-serif b w-auto ph2 flex items-center justify-center shadow-1" type="button" aria-label="Add to cart - Frito-Lay Flavor Mix Snacks Variety Pack, Party Size, 28 Count (Assortment May Vary)"><i class="ld ld-Plus" style="font-size:1.5rem;vertical-align:-0.25em" title="add to cart"></i><span class="mr2">Add</span></button></div></div></div><div class="mt5 mb1" style="height:24px" data-testid="variant-75D63SH18BIF"></div></div><div class=""><div class="flex flex-wrap justify-start items-center lh-title mb2 mb1-m"><div class="b black f5 mr1 mr2-xl lh-copy f4-l" aria-hidden="true">$13.98</div><span class="w_R">current price $13.98</span><div class="f7 f6-l gray mr1">49.9 ¢/ea</div></div><span class="w_N" style="-webkit-line-clamp:3;padding-bottom:0em;margin-bottom:-0em"><span class="f6 f5-l normal dark-gray mb0 mt1 lh-title">Frito-Lay Flavor Mix Snacks Variety Pack, Party Size, 28 Count (Assortment May Vary)</span></span><div class="mt2 flex items-center"><span class="black inline-flex mr1"><i class="ld ld-StarFill" style="font-size:12px;vertical-align:-0.175em" aria-hidden="true"></i><i class="ld ld-StarFill" style="font-size:12px;vertical-align:-0.175em" aria-hidden="true"></i><i class="ld ld-StarFill" style="font-size:12px;vertical-align:-0.175em" aria-hidden="true"></i><i class="ld ld-StarFill" style="font-size:12px;vertical-align:-0.175em" aria-hidden="true"></i><i class="ld ld-StarHalf" style="font-size:12px;vertical-align:-0.175em" aria-hidden="true"></i></span><span class="sans-serif gray f7" aria-hidden="true">557</span><span class="w_R">4.5 out of 5 Stars. 557 reviews</span></div><div class="mv2 flex items-center"><div class="f7 mr1 blue b lh-copy">Save with</div><img loading="lazy" class="pr2 flex" src="//i5.walmartimages.com/dfw/63fd9f59-ac39/29c6759d-7f14-49fa-bd3a-b870eb4fb8fb/v1/wplus-icon-blue.svg" alt="Walmart Plus" width="20" height="20"></div><div class="mt2 mb2"><span class="w_Du w_D0 w_D4 mr1 mt1 ph1">1-day shipping</span></div></div></div></div></div></div><div class="mb1 ph1 pa0-xl bb b--near-white w-25"><div class="h-100 pb1-xl pr4-xl pv1 ph1" style="content-visibility:auto;contain-intrinsic-size:198px 340px"><div data-item-id="69261BMX7LC2" class="sans-serif mid-gray relative flex flex-column w-100 "><a link-identifier="366445938" class="absolute w-100 h-100 z-1" href="/ip/Quest-Tortilla-Style-Protein-Chips-Nacho-Cheese-1-1oz-4ct-Pack/366445938"><span class="w_R">Quest Tortilla Style Protein Chips, Nacho Cheese, 1.1oz - 4ct Pack<!-- --> </span></a><div class="" data-testid="list-view"><div class=""><div class="h2 relative mb2"></div><div class="relative"><div class="relative overflow-hidden" style="max-width:290px;height:0;padding-bottom:min(290px, 100%);align-self:center;width:min(290px, 100%)"><img loading="lazy" srcset="https://i5.walmartimages.com/asr/5906b1ab-b6b8-4f6f-97b9-94eed82e1ed4.158865f4b6b80afb218e6dec2a0134a0.jpeg?odnHeight=290&amp;odnWidth=290&amp;odnBg=FFFFFF 1x, https://i5.walmartimages.com/asr/5906b1ab-b6b8-4f6f-97b9-94eed82e1ed4.158865f4b6b80afb218e6dec2a0134a0.jpeg?odnHeight=580&amp;odnWidth=580&amp;odnBg=FFFFFF 2x" class="absolute top-0 left-0" data-testid="productTileImage" alt="" src="https://i5.walmartimages.com/asr/5906b1ab-b6b8-4f6f-97b9-94eed82e1ed4.158865f4b6b80afb218e6dec2a0134a0.jpeg?odnHeight=580&amp;odnWidth=580&amp;odnBg=FFFFFF" width="" height=""></div><div class="z-2 absolute bottom--1"><div class="dib relative"><button class="w_AP w_AR w_AW pointer bn bg-blue hover-bg-dark-blue white sans-serif b w-auto ph2 flex items-center justify-center shadow-1" type="button" aria-label="Add to cart - Quest Tortilla Style Protein Chips, Nacho Cheese, 1.1oz - 4ct Pack"><i class="ld ld-Plus" style="font-size:1.5rem;vertical-align:-0.25em" title="add to cart"></i><span class="mr2">Add</span></button></div></div></div><div class="mt5 mb1" style="height:24px" data-testid="variant-69261BMX7LC2"></div></div><div class=""><div class="flex flex-wrap justify-start items-center lh-title mb2 mb1-m"><div class="b black f5 mr1 mr2-xl lh-copy f4-l" aria-hidden="true">$8.98</div><span class="w_R">current price $8.98</span><div class="f7 f6-l gray mr1">$2.00/oz</div></div><span class="w_N" style="-webkit-line-clamp:3;padding-bottom:0em;margin-bottom:-0em"><span class="f6 f5-l normal dark-gray mb0 mt1 lh-title">Quest Tortilla Style Protein Chips, Nacho Cheese, 1.1oz - 4ct Pack</span></span><div class="mv2 flex items-center"><div class="f7 mr1 blue b lh-copy">Save with</div><img loading="lazy" class="pr2 flex" src="//i5.walmartimages.com/dfw/63fd9f59-ac39/29c6759d-7f14-49fa-bd3a-b870eb4fb8fb/v1/wplus-icon-blue.svg" alt="Walmart Plus" width="20" height="20"></div><div class="mt2 mb2"><span class="w_Du w_D0 w_D4 mr1 mt1 ph1">1-day shipping</span></div></div></div></div></div></div><div class="mb1 ph1 pa0-xl bb b--near-white w-25"><div class="h-100 pb1-xl pr4-xl pv1 ph1" style="content-visibility:auto;contain-intrinsic-size:198px 340px"><div data-item-id="1WNDJ01XK9P9" class="sans-serif mid-gray relative flex flex-column w-100 "><a link-identifier="11027423" class="absolute w-100 h-100 z-1" href="/ip/Tostitos-Scoops-Tortilla-Chips-Party-Size-14-5-oz-Bag/11027423?athbdg=L1600"><span class="w_R">Tostitos Scoops! Tortilla Chips Party Size, 14.5 oz Bag<!-- --> </span></a><div class="" data-testid="list-view"><div class=""><div class="h2 relative mb2"><span class="w_Du w_D0 w_D3 absolute">Best seller</span></div><div class="relative"><div class="relative overflow-hidden" style="max-width:290px;height:0;padding-bottom:min(290px, 100%);align-self:center;width:min(290px, 100%)"><img loading="lazy" srcset="https://i5.walmartimages.com/asr/652e1ef0-c1b2-4c66-9d7c-448d0b1af060.25c69aa11df21e07c04c0880f158c87d.jpeg?odnHeight=290&amp;odnWidth=290&amp;odnBg=FFFFFF 1x, https://i5.walmartimages.com/asr/652e1ef0-c1b2-4c66-9d7c-448d0b1af060.25c69aa11df21e07c04c0880f158c87d.jpeg?odnHeight=580&amp;odnWidth=580&amp;odnBg=FFFFFF 2x" class="absolute top-0 left-0" data-testid="productTileImage" alt="" src="https://i5.walmartimages.com/asr/652e1ef0-c1b2-4c66-9d7c-448d0b1af060.25c69aa11df21e07c04c0880f158c87d.jpeg?odnHeight=580&amp;odnWidth=580&amp;odnBg=FFFFFF" width="" height=""></div><div class="z-2 absolute bottom--1"><div class="dib relative"><button class="w_AP w_AR w_AW pointer bn bg-blue hover-bg-dark-blue white sans-serif b w-auto ph2 flex items-center justify-center shadow-1" type="button" aria-label="Add to cart - Tostitos Scoops! Tortilla Chips Party Size, 14.5 oz Bag"><i class="ld ld-Plus" style="font-size:1.5rem;vertical-align:-0.25em" title="add to cart"></i><span class="mr2">Add</span></button></div></div></div><div class="mt5 mb1" style="height:24px" data-testid="variant-1WNDJ01XK9P9"></div></div><div class=""><div class="flex flex-wrap justify-start items-center lh-title mb2 mb1-m"><div class="b black f5 mr1 mr2-xl lh-copy f4-l" aria-hidden="true">$4.48</div><span class="w_R">current price $4.48</span><div class="f7 f6-l gray mr1">30.9 ¢/oz</div></div><span class="w_N" style="-webkit-line-clamp:3;padding-bottom:0em;margin-bottom:-0em"><span class="f6 f5-l normal dark-gray mb0 mt1 lh-title">Tostitos Scoops! Tortilla Chips Party Size, 14.5 oz Bag</span></span><div class="mt2 flex items-center"><span class="black inline-flex mr1"><i class="ld ld-StarFill" style="font-size:12px;vertical-align:-0.175em" aria-hidden="true"></i><i class="ld ld-StarFill" style="font-size:12px;vertical-align:-0.175em" aria-hidden="true"></i><i class="ld ld-StarFill" style="font-size:12px;vertical-align:-0.175em" aria-hidden="true"></i><i class="ld ld-StarFill" style="font-size:12px;vertical-align:-0.175em" aria-hidden="true"></i><i class="ld ld-StarHalf" style="font-size:12px;vertical-align:-0.175em" aria-hidden="true"></i></span><span class="sans-serif gray f7" aria-hidden="true">1633</span><span class="w_R">4.3 out of 5 Stars. 1633 reviews</span></div><div class="mv2 flex items-center"><div class="f7 mr1 blue b lh-copy">Save with</div><img loading="lazy" class="pr2 flex" src="//i5.walmartimages.com/dfw/63fd9f59-ac39/29c6759d-7f14-49fa-bd3a-b870eb4fb8fb/v1/wplus-icon-blue.svg" alt="Walmart Plus" width="20" height="20"></div><div class="mt2 mb2"><span class="w_Du w_D0 w_D4 mr1 mt1 ph1">Pickup</span><span class="w_Du w_D0 w_D4 mr1 mt1 ph1">Delivery</span><span class="w_Du w_D0 w_D4 mr1 mt1 ph1">1-day shipping</span></div></div></div></div></div></div><div class="mb1 ph1 pa0-xl bb b--near-white w-25"><div class="h-100 pb1-xl pr4-xl pv1 ph1" style="content-visibility:auto;contain-intrinsic-size:198px 340px"><div data-item-id="0XEH4HPY7Q31" class="sans-serif mid-gray relative flex flex-column w-100 "><a link-identifier="491303556" class="absolute w-100 h-100 z-1" href="/ip/Frito-Lay-Flavor-Mix-Snacks-Variety-Pack-18-Count-Assortment-May-Vary/491303556"><span class="w_R">Frito-Lay Flavor Mix Snacks Variety Pack, 18 Count (Assortment May Vary)<!-- --> </span></a><div class="" data-testid="list-view"><div class=""><div class="h2 relative mb2"></div><div class="relative"><div class="relative overflow-hidden" style="max-width:290px;height:0;padding-bottom:min(290px, 100%);align-self:center;width:min(290px, 100%)"><img loading="lazy" srcset="https://i5.walmartimages.com/asr/f00aee3f-ccd6-431b-872c-349343432723.e6bcbf717ebbe509d2bd551339982ed7.jpeg?odnHeight=290&amp;odnWidth=290&amp;odnBg=FFFFFF 1x, https://i5.walmartimages.com/asr/f00aee3f-ccd6-431b-872c-349343432723.e6bcbf717ebbe509d2bd551339982ed7.jpeg?odnHeight=580&amp;odnWidth=580&amp;odnBg=FFFFFF 2x" class="absolute top-0 left-0" data-testid="productTileImage" alt="" src="https://i5.walmartimages.com/asr/f00aee3f-ccd6-431b-872c-349343432723.e6bcbf717ebbe509d2bd551339982ed7.jpeg?odnHeight=580&amp;odnWidth=580&amp;odnBg=FFFFFF" width="" height=""></div><div class="z-2 absolute bottom--1"><div class="dib relative"><button class="w_AP w_AR w_AW pointer bn bg-blue hover-bg-dark-blue white sans-serif b w-auto ph2 flex items-center justify-center shadow-1" type="button" aria-label="Add to cart - Frito-Lay Flavor Mix Snacks Variety Pack, 18 Count (Assortment May Vary)"><i class="ld ld-Plus" style="font-size:1.5rem;vertical-align:-0.25em" title="add to cart"></i><span class="mr2">Add</span></button></div></div></div><div class="mt5 mb1" style="height:24px" data-testid="variant-0XEH4HPY7Q31"></div></div><div class=""><div class="flex flex-wrap justify-start items-center lh-title mb2 mb1-m"><div class="b black f5 mr1 mr2-xl lh-copy f4-l" aria-hidden="true">$25.97</div><span class="w_R">current price $25.97</span></div><span class="w_N" style="-webkit-line-clamp:3;padding-bottom:0em;margin-bottom:-0em"><span class="f6 f5-l normal dark-gray mb0 mt1 lh-title">Frito-Lay Flavor Mix Snacks Variety Pack, 18 Count (Assortment May Vary)</span></span><div class="mt2 flex items-center"><span class="black inline-flex mr1"><i class="ld ld-StarFill" style="font-size:12px;vertical-align:-0.175em" aria-hidden="true"></i><i class="ld ld-StarFill" style="font-size:12px;vertical-align:-0.175em" aria-hidden="true"></i><i class="ld ld-StarFill" style="font-size:12px;vertical-align:-0.175em" aria-hidden="true"></i><i class="ld ld-StarFill" style="font-size:12px;vertical-align:-0.175em" aria-hidden="true"></i><i class="ld ld-StarHalf" style="font-size:12px;vertical-align:-0.175em" aria-hidden="true"></i></span><span class="sans-serif gray f7" aria-hidden="true">759</span><span class="w_R">4.4 out of 5 Stars. 759 reviews</span></div><div class="mt2 mb2"><span class="w_Du w_D0 w_D4 mr1 mt1 ph1">3+ day shipping</span></div></div></div></div></div></div><div class="mb1 ph1 pa0-xl bb b--near-white w-25"><div class="h-100 pb1-xl pr4-xl pv1 ph1"><div data-item-id="2OAR10MRZ6MQ" data-ad-component-type="wpa-tile" class="sans-serif mid-gray relative flex flex-column w-100 "><a link-identifier="52796390" href="https://wrd.walmart.com/track?rdf=1&amp;adUid=5ae56148-c483-4d5e-8947-a05ac6c558ca&amp;plmt=sp-browse-middle~desktop~&amp;tax=976759_976787_1001390&amp;pltfm=desktop&amp;eventST=click&amp;pgId=976759_976787_1001390&amp;spQs=j72vd_OVOI6ZYo7OzDUrp-L5IBTX-8VxI3JXDzVO6mK_dauc-jUEjOxivIWaPqmT01K-4Ry5Nrd_okj9ZklrI6oyHLqK8bcMiMkNRe0Wq01jLGOZ8k74fvX0mpZM4QDQD0Azwzq9H6BlK5YeKQOB-V4VbjlQ_-FUmqVyyiqHIIo&amp;storeId=3081&amp;pt=browse&amp;pos=11&amp;bt=1&amp;mloc=sp-browse-middle&amp;bkt=2478&amp;rd=https%3A%2F%2Fwww.walmart.com%2Fip%2FCape-Cod-Potato-Chips-Original-Kettle-Chips-14-Oz-Party-Size%2F52796390%3Fathbdg%3DL1600&amp;athbdg=L1600" class="absolute w-100 h-100 z-1"><span class="w_R">Cape Cod Potato Chips, Original Kettle Chips, 14 Oz Party Size </span></a><div class="" data-testid="list-view"><div class=""><div class="h2 relative mb2"><span class="w_Du w_D0 w_D3 absolute">Best seller</span></div><div class="relative"><div class="relative overflow-hidden" style="max-width: 290px; height: 0px; padding-bottom: min(290px, 100%); align-self: center; width: min(290px, 100%);"><img loading="lazy" srcset="https://i5.walmartimages.com/asr/6ef02787-d433-463b-bacd-671a799190d3.04e3fa4dfe0f06deffa7380e5ce36788.jpeg?odnHeight=290&amp;odnWidth=290&amp;odnBg=FFFFFF 1x, https://i5.walmartimages.com/asr/6ef02787-d433-463b-bacd-671a799190d3.04e3fa4dfe0f06deffa7380e5ce36788.jpeg?odnHeight=580&amp;odnWidth=580&amp;odnBg=FFFFFF 2x" class="absolute top-0 left-0" data-testid="productTileImage" alt="" src="https://i5.walmartimages.com/asr/6ef02787-d433-463b-bacd-671a799190d3.04e3fa4dfe0f06deffa7380e5ce36788.jpeg?odnHeight=580&amp;odnWidth=580&amp;odnBg=FFFFFF" width="" height=""></div><div class="z-2 absolute bottom--1"><div class="dib relative"><button class="w_AP w_AR w_AW pointer bn bg-blue hover-bg-dark-blue white sans-serif b w-auto ph2 flex items-center justify-center shadow-1" type="button" aria-label="Add to cart - Cape Cod Potato Chips, Original Kettle Chips, 14 Oz Party Size"><i class="ld ld-Plus" style="font-size: 1.5rem; vertical-align: -0.25em;" title="add to cart"></i><span class="mr2">Add</span></button></div></div></div><div class="mt5 mb1" style="height: 24px;" data-testid="variant-2OAR10MRZ6MQ"><div class="flex items-center lh-title h2-l normal"><span class="gray f7">Sponsored</span></div></div></div><div class=""><div class="flex flex-wrap justify-start items-center lh-title mb2 mb1-m"><div class="b black f5 mr1 mr2-xl lh-copy f4-l" aria-hidden="true">$4.38</div><span class="w_R">current price $4.38</span><div class="f7 f6-l gray mr1">31.3 ¢/oz</div></div><span class="w_N" style="-webkit-line-clamp: 3; padding-bottom: 0em; margin-bottom: 0em;"><span class="f6 f5-l normal dark-gray mb0 mt1 lh-title">Cape Cod Potato Chips, Original Kettle Chips, 14 Oz Party Size</span></span><div class="mt2 flex items-center"><span class="black inline-flex mr1"><i class="ld ld-StarFill" style="font-size: 12px; vertical-align: -0.175em;" aria-hidden="true"></i><i class="ld ld-StarFill" style="font-size: 12px; vertical-align: -0.175em;" aria-hidden="true"></i><i class="ld ld-StarFill" style="font-size: 12px; vertical-align: -0.175em;" aria-hidden="true"></i><i class="ld ld-StarFill" style="font-size: 12px; vertical-align: -0.175em;" aria-hidden="true"></i><i class="ld ld-StarHalf" style="font-size: 12px; vertical-align: -0.175em;" aria-hidden="true"></i></span><span class="sans-serif gray f7" aria-hidden="true">835</span><span class="w_R">4.7 out of 5 Stars. 835 reviews</span></div><div class="mv2 flex items-center"><div class="f7 mr1 blue b lh-copy">Save with</div><img loading="lazy" class="pr2 flex" src="//i5.walmartimages.com/dfw/63fd9f59-ac39/29c6759d-7f14-49fa-bd3a-b870eb4fb8fb/v1/wplus-icon-blue.svg" alt="Walmart Plus" width="20" height="20"></div><div class="mt2 mb2"><span class="w_Du w_D0 w_D4 mr1 mt1 ph1">Pickup</span><span class="w_Du w_D0 w_D4 mr1 mt1 ph1">Delivery</span><span class="w_Du w_D0 w_D4 mr1 mt1 ph1">1-day shipping</span></div></div></div></div></div></div><div class="mb1 ph1 pa0-xl bb b--near-white w-25"><div class="h-100 pb1-xl pr4-xl pv1 ph1"><div data-item-id="1DIE9UDFRDB5" data-ad-component-type="wpa-tile" class="sans-serif mid-gray relative flex flex-column w-100 "><a link-identifier="22309156" href="https://wrd.walmart.com/track?rdf=1&amp;adUid=5ae56148-c483-4d5e-8947-a05ac6c558ca&amp;plmt=sp-browse-middle~desktop~&amp;tax=976759_976787_1001390&amp;pltfm=desktop&amp;eventST=click&amp;pgId=976759_976787_1001390&amp;spQs=TgC08JCIofhxr7xDvm7a0eL5IBTX-8VxI3JXDzVO6mK_dauc-jUEjOxivIWaPqmT01K-4Ry5Nrd_okj9ZklrI-qGXOwMkNQxbyy0ex-0djcN7t_R9bKIo19w7KOdOoqjeafCAmtJdlcyW1zqqIN68F7zoSiypwJWZuvaoiBaZSI&amp;storeId=3081&amp;pt=browse&amp;pos=12&amp;bt=1&amp;mloc=sp-browse-middle&amp;bkt=2478&amp;rd=https%3A%2F%2Fwww.walmart.com%2Fip%2FCape-Cod-Potato-Chips-Less-Fat-Original-Kettle-Chips-8-Oz%2F22309156%3Fathbdg%3DL1600&amp;athbdg=L1600" class="absolute w-100 h-100 z-1"><span class="w_R">Cape Cod Potato Chips, Less Fat Original Kettle Chips, 8 Oz </span></a><div class="" data-testid="list-view"><div class=""><div class="h2 relative mb2"><span class="w_Du w_D0 w_D3 absolute">Best seller</span></div><div class="relative"><div class="relative overflow-hidden" style="max-width: 290px; height: 0px; padding-bottom: min(290px, 100%); align-self: center; width: min(290px, 100%);"><img loading="lazy" srcset="https://i5.walmartimages.com/asr/6091cf7f-a029-411c-8d9a-49263f008438.fd17151f4ff180bfce0542ec9c901e05.jpeg?odnHeight=290&amp;odnWidth=290&amp;odnBg=FFFFFF 1x, https://i5.walmartimages.com/asr/6091cf7f-a029-411c-8d9a-49263f008438.fd17151f4ff180bfce0542ec9c901e05.jpeg?odnHeight=580&amp;odnWidth=580&amp;odnBg=FFFFFF 2x" class="absolute top-0 left-0" data-testid="productTileImage" alt="" src="https://i5.walmartimages.com/asr/6091cf7f-a029-411c-8d9a-49263f008438.fd17151f4ff180bfce0542ec9c901e05.jpeg?odnHeight=580&amp;odnWidth=580&amp;odnBg=FFFFFF" width="" height=""></div><div class="z-2 absolute bottom--1"><div class="dib relative"><a class="w_AP w_AR w_AW pointer bn bg-blue hover-bg-dark-blue white sans-serif b w-auto ph2 flex items-center justify-center shadow-1" href="https://wrd.walmart.com/track?rdf=1&amp;adUid=5ae56148-c483-4d5e-8947-a05ac6c558ca&amp;plmt=sp-browse-middle~desktop~&amp;tax=976759_976787_1001390&amp;pltfm=desktop&amp;eventST=click&amp;pgId=976759_976787_1001390&amp;spQs=TgC08JCIofhxr7xDvm7a0eL5IBTX-8VxI3JXDzVO6mK_dauc-jUEjOxivIWaPqmT01K-4Ry5Nrd_okj9ZklrI-qGXOwMkNQxbyy0ex-0djcN7t_R9bKIo19w7KOdOoqjeafCAmtJdlcyW1zqqIN68F7zoSiypwJWZuvaoiBaZSI&amp;storeId=3081&amp;pt=browse&amp;pos=12&amp;bt=1&amp;mloc=sp-browse-middle&amp;bkt=2478&amp;rd=https%3A%2F%2Fwww.walmart.com%2Fip%2FCape-Cod-Potato-Chips-Less-Fat-Original-Kettle-Chips-8-Oz%2F22309156%3Fathbdg%3DL1600&amp;athbdg=L1600" aria-label="Options - Cape Cod Potato Chips, Less Fat Original Kettle Chips, 8 Oz"><span class="mh2">Options</span></a></div></div></div><div class="mt5 mb1" style="height: 24px;" data-testid="variant-1DIE9UDFRDB5"><div class="flex items-center lh-title h2-l normal"><span class="gray f7">Sponsored</span></div></div></div><div class=""><div class="flex flex-wrap justify-start items-center lh-title mb2 mb1-m"><div class="b f5 f4-l black mr1 lh-copy">From $3.28</div><div class="f7 f6-l strike gray mr3" aria-hidden="true">$10.98</div><span class="w_R">was $10.98</span></div><span class="w_N" style="-webkit-line-clamp: 3; padding-bottom: 0em; margin-bottom: 0em;"><span class="f6 f5-l normal dark-gray mb0 mt1 lh-title">Cape Cod Potato Chips, Less Fat Original Kettle Chips, 8 Oz</span></span><div class="mt2 flex items-center"><span class="black inline-flex mr1"><i class="ld ld-StarFill" style="font-size: 12px; vertical-align: -0.175em;" aria-hidden="true"></i><i class="ld ld-StarFill" style="font-size: 12px; vertical-align: -0.175em;" aria-hidden="true"></i><i class="ld ld-StarFill" style="font-size: 12px; vertical-align: -0.175em;" aria-hidden="true"></i><i class="ld ld-StarFill" style="font-size: 12px; vertical-align: -0.175em;" aria-hidden="true"></i><i class="ld ld-StarHalf" style="font-size: 12px; vertical-align: -0.175em;" aria-hidden="true"></i></span><span class="sans-serif gray f7" aria-hidden="true">419</span><span class="w_R">4.7 out of 5 Stars. 419 reviews</span></div><div class="mv2 flex items-center"><div class="f7 mr1 blue b lh-copy">Save with</div><img loading="lazy" class="pr2 flex" src="//i5.walmartimages.com/dfw/63fd9f59-ac39/29c6759d-7f14-49fa-bd3a-b870eb4fb8fb/v1/wplus-icon-blue.svg" alt="Walmart Plus" width="20" height="20"></div><div class="mt2 mb2"><span class="w_Du w_D0 w_D4 mr1 mt1 ph1">3+ day shipping</span></div></div></div></div></div></div><div class="mb1 ph1 pa0-xl bb b--near-white w-25"><div class="h-100 pb1-xl pr4-xl pv1 ph1"><div data-item-id="3BCI3ZA5JW6G" class="sans-serif mid-gray relative flex flex-column w-100 "><a link-identifier="17056788" class="absolute w-100 h-100 z-1" href="/ip/Fritos-Original-Corn-Chips-9-25-oz/17056788?athbdg=L1600"><span class="w_R">Fritos Original Corn Chips, 9.25 oz </span></a><div class="" data-testid="list-view"><div class=""><div class="h2 relative mb2"><span class="w_Du w_D0 w_D3 absolute">Best seller</span></div><div class="relative"><div class="relative overflow-hidden" style="max-width: 290px; height: 0px; padding-bottom: min(290px, 100%); align-self: center; width: min(290px, 100%);"><img loading="lazy" srcset="https://i5.walmartimages.com/asr/10d34172-a7dc-4339-9093-0622bf9c7a46.4db12b4bd8590213e9f3ed12291ca584.jpeg?odnHeight=290&amp;odnWidth=290&amp;odnBg=FFFFFF 1x, https://i5.walmartimages.com/asr/10d34172-a7dc-4339-9093-0622bf9c7a46.4db12b4bd8590213e9f3ed12291ca584.jpeg?odnHeight=580&amp;odnWidth=580&amp;odnBg=FFFFFF 2x" class="absolute top-0 left-0" data-testid="productTileImage" alt="" src="https://i5.walmartimages.com/asr/10d34172-a7dc-4339-9093-0622bf9c7a46.4db12b4bd8590213e9f3ed12291ca584.jpeg?odnHeight=580&amp;odnWidth=580&amp;odnBg=FFFFFF" width="" height=""></div><div class="z-2 absolute bottom--1"><div class="dib relative"><button class="w_AP w_AR w_AW pointer bn bg-blue hover-bg-dark-blue white sans-serif b w-auto ph2 flex items-center justify-center shadow-1" type="button" aria-label="Add to cart - Fritos Original Corn Chips, 9.25 oz"><i class="ld ld-Plus" style="font-size: 1.5rem; vertical-align: -0.25em;" title="add to cart"></i><span class="mr2">Add</span></button></div></div></div><div class="mt5 mb1" style="height: 24px;" data-testid="variant-3BCI3ZA5JW6G"></div></div><div class=""><div class="flex flex-wrap justify-start items-center lh-title mb2 mb1-m"><div class="b black f5 mr1 mr2-xl lh-copy f4-l" aria-hidden="true">$3.00</div><span class="w_R">current price $3.00</span><div class="f7 f6-l strike gray mr3" aria-hidden="true">$3.48</div><span class="w_R">was $3.48</span><div class="f7 f6-l gray mr1">32.4 ¢/oz</div></div><span class="w_N" style="-webkit-line-clamp: 3; padding-bottom: 0em; margin-bottom: 0em;"><span class="f6 f5-l normal dark-gray mb0 mt1 lh-title">Fritos Original Corn Chips, 9.25 oz</span></span><div class="mt2 flex items-center"><span class="black inline-flex mr1"><i class="ld ld-StarFill" style="font-size: 12px; vertical-align: -0.175em;" aria-hidden="true"></i><i class="ld ld-StarFill" style="font-size: 12px; vertical-align: -0.175em;" aria-hidden="true"></i><i class="ld ld-StarFill" style="font-size: 12px; vertical-align: -0.175em;" aria-hidden="true"></i><i class="ld ld-StarHalf" style="font-size: 12px; vertical-align: -0.175em;" aria-hidden="true"></i><i class="ld ld-Star" style="font-size: 12px; vertical-align: -0.175em;" aria-hidden="true"></i></span><span class="sans-serif gray f7" aria-hidden="true">115</span><span class="w_R">3.3 out of 5 Stars. 115 reviews</span></div><div class="mv2 flex items-center"><div class="f7 mr1 blue b lh-copy">Save with</div><img loading="lazy" class="pr2 flex" src="//i5.walmartimages.com/dfw/63fd9f59-ac39/29c6759d-7f14-49fa-bd3a-b870eb4fb8fb/v1/wplus-icon-blue.svg" alt="Walmart Plus" width="20" height="20"></div><div class="mt2 mb2"><span class="w_Du w_D0 w_D4 mr1 mt1 ph1">Pickup</span><span class="w_Du w_D0 w_D4 mr1 mt1 ph1">Delivery</span><span class="w_Du w_D0 w_D4 mr1 mt1 ph1">1-day shipping</span></div></div></div></div></div></div><div class="mb1 ph1 pa0-xl bb b--near-white w-25"><div class="h-100 pb1-xl pr4-xl pv1 ph1"><div data-item-id="6WQ42FAVUASO" class="sans-serif mid-gray relative flex flex-column w-100 "><a link-identifier="22309171" class="absolute w-100 h-100 z-1" href="/ip/Santitas-Tortilla-Chips-11-Oz/22309171?athbdg=L1600"><span class="w_R">Santitas Tortilla Chips, 11 Oz. </span></a><div class="" data-testid="list-view"><div class=""><div class="h2 relative mb2"><span class="w_Du w_D0 w_D3 absolute">Best seller</span></div><div class="relative"><div class="relative overflow-hidden" style="max-width: 290px; height: 0px; padding-bottom: min(290px, 100%); align-self: center; width: min(290px, 100%);"><img loading="lazy" srcset="https://i5.walmartimages.com/asr/1b0a1112-01c3-47a3-a944-f5dea4f010f4.26990480e1a6bc58eb484d51edfa79b7.jpeg?odnHeight=290&amp;odnWidth=290&amp;odnBg=FFFFFF 1x, https://i5.walmartimages.com/asr/1b0a1112-01c3-47a3-a944-f5dea4f010f4.26990480e1a6bc58eb484d51edfa79b7.jpeg?odnHeight=580&amp;odnWidth=580&amp;odnBg=FFFFFF 2x" class="absolute top-0 left-0" data-testid="productTileImage" alt="" src="https://i5.walmartimages.com/asr/1b0a1112-01c3-47a3-a944-f5dea4f010f4.26990480e1a6bc58eb484d51edfa79b7.jpeg?odnHeight=580&amp;odnWidth=580&amp;odnBg=FFFFFF" width="" height=""></div><div class="z-2 absolute bottom--1"><div class="dib relative"><button class="w_AP w_AR w_AW pointer bn bg-blue hover-bg-dark-blue white sans-serif b w-auto ph2 flex items-center justify-center shadow-1" type="button" aria-label="Add to cart - Santitas Tortilla Chips, 11 Oz."><i class="ld ld-Plus" style="font-size: 1.5rem; vertical-align: -0.25em;" title="add to cart"></i><span class="mr2">Add</span></button></div></div></div><div class="mt5 mb1" style="height: 24px;" data-testid="variant-6WQ42FAVUASO"></div></div><div class=""><div class="flex flex-wrap justify-start items-center lh-title mb2 mb1-m"><div class="b black f5 mr1 mr2-xl lh-copy f4-l" aria-hidden="true">$2.28</div><span class="w_R">current price $2.28</span><div class="f7 f6-l gray mr1">20.7 ¢/oz</div></div><span class="w_N" style="-webkit-line-clamp: 3; padding-bottom: 0em; margin-bottom: 0em;"><span class="f6 f5-l normal dark-gray mb0 mt1 lh-title">Santitas Tortilla Chips, 11 Oz.</span></span><div class="mt2 flex items-center"><span class="black inline-flex mr1"><i class="ld ld-StarFill" style="font-size: 12px; vertical-align: -0.175em;" aria-hidden="true"></i><i class="ld ld-StarFill" style="font-size: 12px; vertical-align: -0.175em;" aria-hidden="true"></i><i class="ld ld-StarFill" style="font-size: 12px; vertical-align: -0.175em;" aria-hidden="true"></i><i class="ld ld-StarFill" style="font-size: 12px; vertical-align: -0.175em;" aria-hidden="true"></i><i class="ld ld-StarHalf" style="font-size: 12px; vertical-align: -0.175em;" aria-hidden="true"></i></span><span class="sans-serif gray f7" aria-hidden="true">590</span><span class="w_R">4.5 out of 5 Stars. 590 reviews</span></div><div class="mv2 flex items-center"><div class="f7 mr1 blue b lh-copy">Save with</div><img loading="lazy" class="pr2 flex" src="//i5.walmartimages.com/dfw/63fd9f59-ac39/29c6759d-7f14-49fa-bd3a-b870eb4fb8fb/v1/wplus-icon-blue.svg" alt="Walmart Plus" width="20" height="20"></div><div class="mt2 mb2"><span class="w_Du w_D0 w_D4 mr1 mt1 ph1">Pickup</span><span class="w_Du w_D0 w_D4 mr1 mt1 ph1">Delivery</span><span class="w_Du w_D0 w_D4 mr1 mt1 ph1">1-day shipping</span></div></div></div></div></div></div><div class="mb1 ph1 pa0-xl bb b--near-white w-25"><div class="h-100 pb1-xl pr4-xl pv1 ph1"><div data-item-id="2ZF94NS68DPI" class="sans-serif mid-gray relative flex flex-column w-100 "><a link-identifier="728242741" class="absolute w-100 h-100 z-1" href="/ip/Chesters-Flamin-Hot-Fries-Snacks-5-25-Oz/728242741?athbdg=L1600"><span class="w_R">Chesters Flamin' Hot Fries Snacks, 5.25 Oz. </span></a><div class="" data-testid="list-view"><div class=""><div class="h2 relative mb2"><span class="w_Du w_D0 w_D3 absolute">Best seller</span></div><div class="relative"><div class="relative overflow-hidden" style="max-width: 290px; height: 0px; padding-bottom: min(290px, 100%); align-self: center; width: min(290px, 100%);"><img loading="lazy" srcset="https://i5.walmartimages.com/asr/6b40efdf-c843-4a6f-a5c4-b4d7310e7076_1.5f7256273cdfc840d53cc4d0e5029b44.jpeg?odnHeight=290&amp;odnWidth=290&amp;odnBg=FFFFFF 1x, https://i5.walmartimages.com/asr/6b40efdf-c843-4a6f-a5c4-b4d7310e7076_1.5f7256273cdfc840d53cc4d0e5029b44.jpeg?odnHeight=580&amp;odnWidth=580&amp;odnBg=FFFFFF 2x" class="absolute top-0 left-0" data-testid="productTileImage" alt="" src="https://i5.walmartimages.com/asr/6b40efdf-c843-4a6f-a5c4-b4d7310e7076_1.5f7256273cdfc840d53cc4d0e5029b44.jpeg?odnHeight=580&amp;odnWidth=580&amp;odnBg=FFFFFF" width="" height=""></div><div class="z-2 absolute bottom--1"><div class="dib relative"><button class="w_AP w_AR w_AW pointer bn bg-blue hover-bg-dark-blue white sans-serif b w-auto ph2 flex items-center justify-center shadow-1" type="button" aria-label="Add to cart - Chesters Flamin' Hot Fries Snacks, 5.25 Oz."><i class="ld ld-Plus" style="font-size: 1.5rem; vertical-align: -0.25em;" title="add to cart"></i><span class="mr2">Add</span></button></div></div></div><div class="mt5 mb1" style="height: 24px;" data-testid="variant-2ZF94NS68DPI"></div></div><div class=""><div class="flex flex-wrap justify-start items-center lh-title mb2 mb1-m"><div class="b black f5 mr1 mr2-xl lh-copy f4-l" aria-hidden="true">$2.28</div><span class="w_R">current price $2.28</span><div class="f7 f6-l gray mr1">43.4 ¢/oz</div></div><span class="w_N" style="-webkit-line-clamp: 3; padding-bottom: 0em; margin-bottom: 0em;"><span class="f6 f5-l normal dark-gray mb0 mt1 lh-title">Chesters Flamin' Hot Fries Snacks, 5.25 Oz.</span></span><div class="mt2 flex items-center"><span class="black inline-flex mr1"><i class="ld ld-StarFill" style="font-size: 12px; vertical-align: -0.175em;" aria-hidden="true"></i><i class="ld ld-StarFill" style="font-size: 12px; vertical-align: -0.175em;" aria-hidden="true"></i><i class="ld ld-StarFill" style="font-size: 12px; vertical-align: -0.175em;" aria-hidden="true"></i><i class="ld ld-StarFill" style="font-size: 12px; vertical-align: -0.175em;" aria-hidden="true"></i><i class="ld ld-StarHalf" style="font-size: 12px; vertical-align: -0.175em;" aria-hidden="true"></i></span><span class="sans-serif gray f7" aria-hidden="true">630</span><span class="w_R">4.6 out of 5 Stars. 630 reviews</span></div><div class="mv2 flex items-center"><div class="f7 mr1 blue b lh-copy">Save with</div><img loading="lazy" class="pr2 flex" src="//i5.walmartimages.com/dfw/63fd9f59-ac39/29c6759d-7f14-49fa-bd3a-b870eb4fb8fb/v1/wplus-icon-blue.svg" alt="Walmart Plus" width="20" height="20"></div><div class="mt2 mb2"><span class="w_Du w_D0 w_D4 mr1 mt1 ph1">1-day shipping</span></div></div></div></div></div></div><div class="mb1 ph1 pa0-xl bb b--near-white w-25"><div class="h-100 pb1-xl pr4-xl pv1 ph1"><div data-item-id="60A22XLF6DGP" class="sans-serif mid-gray relative flex flex-column w-100 "><a link-identifier="32174172" class="absolute w-100 h-100 z-1" href="/ip/SunChips-Harvest-Cheddar-Flavored-Whole-Grain-Snacks-7-oz-Bag/32174172"><span class="w_R">SunChips Harvest Cheddar Flavored Whole Grain Snacks, 7 oz. Bag </span></a><div class="" data-testid="list-view"><div class=""><div class="h2 relative mb2"></div><div class="relative"><div class="relative overflow-hidden" style="max-width: 290px; height: 0px; padding-bottom: min(290px, 100%); align-self: center; width: min(290px, 100%);"><img loading="lazy" srcset="https://i5.walmartimages.com/asr/f192cd28-ce49-420b-b5b5-d70037870e89_1.871a70f4ee4d37552b99a77c1a22fb23.jpeg?odnHeight=290&amp;odnWidth=290&amp;odnBg=FFFFFF 1x, https://i5.walmartimages.com/asr/f192cd28-ce49-420b-b5b5-d70037870e89_1.871a70f4ee4d37552b99a77c1a22fb23.jpeg?odnHeight=580&amp;odnWidth=580&amp;odnBg=FFFFFF 2x" class="absolute top-0 left-0" data-testid="productTileImage" alt="" src="https://i5.walmartimages.com/asr/f192cd28-ce49-420b-b5b5-d70037870e89_1.871a70f4ee4d37552b99a77c1a22fb23.jpeg?odnHeight=580&amp;odnWidth=580&amp;odnBg=FFFFFF" width="" height=""></div><div class="z-2 absolute bottom--1"><div class="dib relative"><button class="w_AP w_AR w_AW pointer bn bg-blue hover-bg-dark-blue white sans-serif b w-auto ph2 flex items-center justify-center shadow-1" type="button" aria-label="Add to cart - SunChips Harvest Cheddar Flavored Whole Grain Snacks, 7 oz. Bag"><i class="ld ld-Plus" style="font-size: 1.5rem; vertical-align: -0.25em;" title="add to cart"></i><span class="mr2">Add</span></button></div></div></div><div class="mt5 mb1" style="height: 24px;" data-testid="variant-60A22XLF6DGP"></div></div><div class=""><div class="flex flex-wrap justify-start items-center lh-title mb2 mb1-m"><div class="b black f5 mr1 mr2-xl lh-copy f4-l" aria-hidden="true">$3.28</div><span class="w_R">current price $3.28</span><div class="f7 f6-l gray mr1">46.9 ¢/oz</div></div><span class="w_N" style="-webkit-line-clamp: 3; padding-bottom: 0em; margin-bottom: 0em;"><span class="f6 f5-l normal dark-gray mb0 mt1 lh-title">SunChips Harvest Cheddar Flavored Whole Grain Snacks, 7 oz. Bag</span></span><div class="mt2 flex items-center"><span class="black inline-flex mr1"><i class="ld ld-StarFill" style="font-size: 12px; vertical-align: -0.175em;" aria-hidden="true"></i><i class="ld ld-StarFill" style="font-size: 12px; vertical-align: -0.175em;" aria-hidden="true"></i><i class="ld ld-StarFill" style="font-size: 12px; vertical-align: -0.175em;" aria-hidden="true"></i><i class="ld ld-StarFill" style="font-size: 12px; vertical-align: -0.175em;" aria-hidden="true"></i><i class="ld ld-StarHalf" style="font-size: 12px; vertical-align: -0.175em;" aria-hidden="true"></i></span><span class="sans-serif gray f7" aria-hidden="true">339</span><span class="w_R">4.5 out of 5 Stars. 339 reviews</span></div><div class="mv2 flex items-center"><div class="f7 mr1 blue b lh-copy">Save with</div><img loading="lazy" class="pr2 flex" src="//i5.walmartimages.com/dfw/63fd9f59-ac39/29c6759d-7f14-49fa-bd3a-b870eb4fb8fb/v1/wplus-icon-blue.svg" alt="Walmart Plus" width="20" height="20"></div><div class="mt2 mb2"><span class="w_Du w_D0 w_D4 mr1 mt1 ph1">Pickup</span><span class="w_Du w_D0 w_D4 mr1 mt1 ph1">Delivery</span><span class="w_Du w_D0 w_D4 mr1 mt1 ph1">1-day shipping</span></div></div></div></div></div></div><div class="mb1 ph1 pa0-xl bb b--near-white w-25"><div class="h-100 pb1-xl pr4-xl pv1 ph1"><div data-item-id="2MIF95NC50TK" class="sans-serif mid-gray relative flex flex-column w-100 "><a link-identifier="49909692" class="absolute w-100 h-100 z-1" href="/ip/Fritos-Scoops-Original-Corn-Chips-9-25-Oz/49909692?athbdg=L1600"><span class="w_R">Fritos Scoops! Original Corn Chips, 9.25 Oz. </span></a><div class="" data-testid="list-view"><div class=""><div class="h2 relative mb2"><span class="w_Du w_D0 w_D3 absolute">Best seller</span></div><div class="relative"><div class="relative overflow-hidden" style="max-width: 290px; height: 0px; padding-bottom: min(290px, 100%); align-self: center; width: min(290px, 100%);"><img loading="lazy" srcset="https://i5.walmartimages.com/asr/4f29717a-59ce-4775-a294-54f3fcfa12cc.f38a6542d67e476626668398a681a231.jpeg?odnHeight=290&amp;odnWidth=290&amp;odnBg=FFFFFF 1x, https://i5.walmartimages.com/asr/4f29717a-59ce-4775-a294-54f3fcfa12cc.f38a6542d67e476626668398a681a231.jpeg?odnHeight=580&amp;odnWidth=580&amp;odnBg=FFFFFF 2x" class="absolute top-0 left-0" data-testid="productTileImage" alt="" src="https://i5.walmartimages.com/asr/4f29717a-59ce-4775-a294-54f3fcfa12cc.f38a6542d67e476626668398a681a231.jpeg?odnHeight=580&amp;odnWidth=580&amp;odnBg=FFFFFF" width="" height=""></div><div class="z-2 absolute bottom--1"><div class="dib relative"><button class="w_AP w_AR w_AW pointer bn bg-blue hover-bg-dark-blue white sans-serif b w-auto ph2 flex items-center justify-center shadow-1" type="button" aria-label="Add to cart - Fritos Scoops! Original Corn Chips, 9.25 Oz."><i class="ld ld-Plus" style="font-size: 1.5rem; vertical-align: -0.25em;" title="add to cart"></i><span class="mr2">Add</span></button></div></div></div><div class="mt5 mb1" style="height: 24px;" data-testid="variant-2MIF95NC50TK"></div></div><div class=""><div class="flex flex-wrap justify-start items-center lh-title mb2 mb1-m"><div class="b black f5 mr1 mr2-xl lh-copy f4-l" aria-hidden="true">$3.00</div><span class="w_R">current price $3.00</span><div class="f7 f6-l strike gray mr3" aria-hidden="true">$3.48</div><span class="w_R">was $3.48</span><div class="f7 f6-l gray mr1">32.4 ¢/oz</div></div><span class="w_N" style="-webkit-line-clamp: 3; padding-bottom: 0em; margin-bottom: 0em;"><span class="f6 f5-l normal dark-gray mb0 mt1 lh-title">Fritos Scoops! Original Corn Chips, 9.25 Oz.</span></span><div class="mt2 flex items-center"><span class="black inline-flex mr1"><i class="ld ld-StarFill" style="font-size: 12px; vertical-align: -0.175em;" aria-hidden="true"></i><i class="ld ld-StarFill" style="font-size: 12px; vertical-align: -0.175em;" aria-hidden="true"></i><i class="ld ld-StarFill" style="font-size: 12px; vertical-align: -0.175em;" aria-hidden="true"></i><i class="ld ld-StarFill" style="font-size: 12px; vertical-align: -0.175em;" aria-hidden="true"></i><i class="ld ld-StarHalf" style="font-size: 12px; vertical-align: -0.175em;" aria-hidden="true"></i></span><span class="sans-serif gray f7" aria-hidden="true">495</span><span class="w_R">4.5 out of 5 Stars. 495 reviews</span></div><div class="mv2 flex items-center"><div class="f7 mr1 blue b lh-copy">Save with</div><img loading="lazy" class="pr2 flex" src="//i5.walmartimages.com/dfw/63fd9f59-ac39/29c6759d-7f14-49fa-bd3a-b870eb4fb8fb/v1/wplus-icon-blue.svg" alt="Walmart Plus" width="20" height="20"></div><div class="mt2 mb2"><span class="w_Du w_D0 w_D4 mr1 mt1 ph1">Pickup</span><span class="w_Du w_D0 w_D4 mr1 mt1 ph1">Delivery</span><span class="w_Du w_D0 w_D4 mr1 mt1 ph1">2-day shipping</span></div></div></div></div></div></div><div class="mb1 ph1 pa0-xl bb b--near-white w-25"><div class="h-100 pb1-xl pr4-xl pv1 ph1"><div data-item-id="3ID2WSWFWTDT" class="sans-serif mid-gray relative flex flex-column w-100 "><a link-identifier="36915849" class="absolute w-100 h-100 z-1" href="/ip/Funyuns-Onion-Flavored-Rings-6-oz-Bag/36915849?athbdg=L1600"><span class="w_R">Funyuns Onion Flavored Rings, 6 oz Bag </span></a><div class="" data-testid="list-view"><div class=""><div class="h2 relative mb2"><span class="w_Du w_D0 w_D3 absolute">Best seller</span></div><div class="relative"><div class="relative overflow-hidden" style="max-width: 290px; height: 0px; padding-bottom: min(290px, 100%); align-self: center; width: min(290px, 100%);"><img loading="lazy" srcset="https://i5.walmartimages.com/asr/49f618c4-3d32-49cf-a7d9-e0a31350abcd.5f151cfb530de0c8db672a43b23f4744.jpeg?odnHeight=290&amp;odnWidth=290&amp;odnBg=FFFFFF 1x, https://i5.walmartimages.com/asr/49f618c4-3d32-49cf-a7d9-e0a31350abcd.5f151cfb530de0c8db672a43b23f4744.jpeg?odnHeight=580&amp;odnWidth=580&amp;odnBg=FFFFFF 2x" class="absolute top-0 left-0" data-testid="productTileImage" alt="" src="https://i5.walmartimages.com/asr/49f618c4-3d32-49cf-a7d9-e0a31350abcd.5f151cfb530de0c8db672a43b23f4744.jpeg?odnHeight=580&amp;odnWidth=580&amp;odnBg=FFFFFF" width="" height=""></div><div class="z-2 absolute bottom--1"><div class="dib relative"><button class="w_AP w_AR w_AW pointer bn bg-blue hover-bg-dark-blue white sans-serif b w-auto ph2 flex items-center justify-center shadow-1" type="button" aria-label="Add to cart - Funyuns Onion Flavored Rings, 6 oz Bag"><i class="ld ld-Plus" style="font-size: 1.5rem; vertical-align: -0.25em;" title="add to cart"></i><span class="mr2">Add</span></button></div></div></div><div class="mt5 mb1" style="height: 24px;" data-testid="variant-3ID2WSWFWTDT"></div></div><div class=""><div class="flex flex-wrap justify-start items-center lh-title mb2 mb1-m"><div class="b black f5 mr1 mr2-xl lh-copy f4-l" aria-hidden="true">$4.28</div><span class="w_R">current price $4.28</span><div class="f7 f6-l strike gray mr3" aria-hidden="true">$11.49</div><span class="w_R">was $11.49</span><div class="f7 f6-l gray mr1">71.3 ¢/oz</div></div><span class="w_N" style="-webkit-line-clamp: 3; padding-bottom: 0em; margin-bottom: 0em;"><span class="f6 f5-l normal dark-gray mb0 mt1 lh-title">Funyuns Onion Flavored Rings, 6 oz Bag</span></span><div class="mt2 flex items-center"><span class="black inline-flex mr1"><i class="ld ld-StarFill" style="font-size: 12px; vertical-align: -0.175em;" aria-hidden="true"></i><i class="ld ld-StarFill" style="font-size: 12px; vertical-align: -0.175em;" aria-hidden="true"></i><i class="ld ld-StarFill" style="font-size: 12px; vertical-align: -0.175em;" aria-hidden="true"></i><i class="ld ld-StarFill" style="font-size: 12px; vertical-align: -0.175em;" aria-hidden="true"></i><i class="ld ld-StarHalf" style="font-size: 12px; vertical-align: -0.175em;" aria-hidden="true"></i></span><span class="sans-serif gray f7" aria-hidden="true">739</span><span class="w_R">4.4 out of 5 Stars. 739 reviews</span></div><div class="mv2 flex items-center"><div class="f7 mr1 blue b lh-copy">Save with</div><img loading="lazy" class="pr2 flex" src="//i5.walmartimages.com/dfw/63fd9f59-ac39/29c6759d-7f14-49fa-bd3a-b870eb4fb8fb/v1/wplus-icon-blue.svg" alt="Walmart Plus" width="20" height="20"></div><div class="mt2 mb2"><span class="w_Du w_D0 w_D4 mr1 mt1 ph1">1-day shipping</span></div></div></div></div></div></div><div class="mb1 ph1 pa0-xl bb b--near-white w-25"><div class="h-100 pb1-xl pr4-xl pv1 ph1"><div data-item-id="1TM1KT0DH441" class="sans-serif mid-gray relative flex flex-column w-100 "><a link-identifier="336304484" class="absolute w-100 h-100 z-1" href="/ip/Ruffles-Potato-Chips-Original-8-5-Oz/336304484?athbdg=L1600"><span class="w_R">Ruffles Potato Chips Original 8.5 Oz </span></a><div class="" data-testid="list-view"><div class=""><div class="h2 relative mb2"><span class="w_Du w_D0 w_D3 absolute">Best seller</span></div><div class="relative"><div class="relative overflow-hidden" style="max-width: 290px; height: 0px; padding-bottom: min(290px, 100%); align-self: center; width: min(290px, 100%);"><img loading="lazy" srcset="https://i5.walmartimages.com/asr/03925443-e67e-444b-a332-c92e472aa217.f21b416f216a885661af1376b9cc48c2.jpeg?odnHeight=290&amp;odnWidth=290&amp;odnBg=FFFFFF 1x, https://i5.walmartimages.com/asr/03925443-e67e-444b-a332-c92e472aa217.f21b416f216a885661af1376b9cc48c2.jpeg?odnHeight=580&amp;odnWidth=580&amp;odnBg=FFFFFF 2x" class="absolute top-0 left-0" data-testid="productTileImage" alt="" src="https://i5.walmartimages.com/asr/03925443-e67e-444b-a332-c92e472aa217.f21b416f216a885661af1376b9cc48c2.jpeg?odnHeight=580&amp;odnWidth=580&amp;odnBg=FFFFFF" width="" height=""></div><div class="z-2 absolute bottom--1"><div class="dib relative"><button class="w_AP w_AR w_AW pointer bn bg-blue hover-bg-dark-blue white sans-serif b w-auto ph2 flex items-center justify-center shadow-1" type="button" aria-label="Add to cart - Ruffles Potato Chips Original 8.5 Oz"><i class="ld ld-Plus" style="font-size: 1.5rem; vertical-align: -0.25em;" title="add to cart"></i><span class="mr2">Add</span></button></div></div></div><div class="mt5 mb1" style="height: 24px;" data-testid="variant-1TM1KT0DH441"></div></div><div class=""><div class="flex flex-wrap justify-start items-center lh-title mb2 mb1-m"><div class="b black f5 mr1 mr2-xl lh-copy f4-l" aria-hidden="true">$3.00</div><span class="w_R">current price $3.00</span><div class="f7 f6-l gray mr1">35.3 ¢/oz</div></div><span class="w_N" style="-webkit-line-clamp: 3; padding-bottom: 0em; margin-bottom: 0em;"><span class="f6 f5-l normal dark-gray mb0 mt1 lh-title">Ruffles Potato Chips Original 8.5 Oz</span></span><div class="mt2 flex items-center"><span class="black inline-flex mr1"><i class="ld ld-StarFill" style="font-size: 12px; vertical-align: -0.175em;" aria-hidden="true"></i><i class="ld ld-StarFill" style="font-size: 12px; vertical-align: -0.175em;" aria-hidden="true"></i><i class="ld ld-StarFill" style="font-size: 12px; vertical-align: -0.175em;" aria-hidden="true"></i><i class="ld ld-StarHalf" style="font-size: 12px; vertical-align: -0.175em;" aria-hidden="true"></i><i class="ld ld-Star" style="font-size: 12px; vertical-align: -0.175em;" aria-hidden="true"></i></span><span class="sans-serif gray f7" aria-hidden="true">53</span><span class="w_R">3.7 out of 5 Stars. 53 reviews</span></div><div class="mv2 flex items-center"><div class="f7 mr1 blue b lh-copy">Save with</div><img loading="lazy" class="pr2 flex" src="//i5.walmartimages.com/dfw/63fd9f59-ac39/29c6759d-7f14-49fa-bd3a-b870eb4fb8fb/v1/wplus-icon-blue.svg" alt="Walmart Plus" width="20" height="20"></div><div class="mt2 mb2"><span class="w_Du w_D0 w_D4 mr1 mt1 ph1">Pickup</span><span class="w_Du w_D0 w_D4 mr1 mt1 ph1">Delivery</span><span class="w_Du w_D0 w_D4 mr1 mt1 ph1">1-day shipping</span></div></div></div></div></div></div><div class="mb1 ph1 pa0-xl bb b--near-white w-25"><div class="h-100 pb1-xl pr4-xl pv1 ph1"><div data-item-id="6GK4M33UDT48" class="sans-serif mid-gray relative flex flex-column w-100 "><a link-identifier="12335104" class="absolute w-100 h-100 z-1" href="/ip/Great-Value-Restaurant-Style-White-Corn-Tortilla-Chips-13-oz/12335104"><span class="w_R">Great Value Restaurant Style White Corn Tortilla Chips, 13 oz </span></a><div class="" data-testid="list-view"><div class=""><div class="h2 relative mb2"></div><div class="relative"><div class="relative overflow-hidden" style="max-width: 290px; height: 0px; padding-bottom: min(290px, 100%); align-self: center; width: min(290px, 100%);"><img loading="lazy" srcset="https://i5.walmartimages.com/asr/33b5b638-bd70-49d8-a125-516773c0b68e_2.65b4972866e57a41cc8b79f42b5a5102.jpeg?odnHeight=290&amp;odnWidth=290&amp;odnBg=FFFFFF 1x, https://i5.walmartimages.com/asr/33b5b638-bd70-49d8-a125-516773c0b68e_2.65b4972866e57a41cc8b79f42b5a5102.jpeg?odnHeight=580&amp;odnWidth=580&amp;odnBg=FFFFFF 2x" class="absolute top-0 left-0" data-testid="productTileImage" alt="" src="https://i5.walmartimages.com/asr/33b5b638-bd70-49d8-a125-516773c0b68e_2.65b4972866e57a41cc8b79f42b5a5102.jpeg?odnHeight=580&amp;odnWidth=580&amp;odnBg=FFFFFF" width="" height=""></div><div class="z-2 absolute bottom--1"><div class="dib relative"><button class="w_AP w_AR w_AW pointer bn bg-blue hover-bg-dark-blue white sans-serif b w-auto ph2 flex items-center justify-center shadow-1" type="button" aria-label="Add to cart - Great Value Restaurant Style White Corn Tortilla Chips, 13 oz"><i class="ld ld-Plus" style="font-size: 1.5rem; vertical-align: -0.25em;" title="add to cart"></i><span class="mr2">Add</span></button></div></div></div><div class="mt5 mb1" style="height: 24px;" data-testid="variant-6GK4M33UDT48"></div></div><div class=""><div class="flex flex-wrap justify-start items-center lh-title mb2 mb1-m"><div class="b black f5 mr1 mr2-xl lh-copy f4-l" aria-hidden="true">$1.74</div><span class="w_R">current price $1.74</span><div class="f7 f6-l gray mr1">13.4 ¢/oz</div></div><span class="w_N" style="-webkit-line-clamp: 3; padding-bottom: 0em; margin-bottom: 0em;"><span class="f6 f5-l normal dark-gray mb0 mt1 lh-title">Great Value Restaurant Style White Corn Tortilla Chips, 13 oz</span></span><div class="mt2 flex items-center"><span class="black inline-flex mr1"><i class="ld ld-StarFill" style="font-size: 12px; vertical-align: -0.175em;" aria-hidden="true"></i><i class="ld ld-StarFill" style="font-size: 12px; vertical-align: -0.175em;" aria-hidden="true"></i><i class="ld ld-StarFill" style="font-size: 12px; vertical-align: -0.175em;" aria-hidden="true"></i><i class="ld ld-StarFill" style="font-size: 12px; vertical-align: -0.175em;" aria-hidden="true"></i><i class="ld ld-Star" style="font-size: 12px; vertical-align: -0.175em;" aria-hidden="true"></i></span><span class="sans-serif gray f7" aria-hidden="true">516</span><span class="w_R">4.2 out of 5 Stars. 516 reviews</span></div><div class="mv2 flex items-center"><div class="f7 mr1 blue b lh-copy">Save with</div><img loading="lazy" class="pr2 flex" src="//i5.walmartimages.com/dfw/63fd9f59-ac39/29c6759d-7f14-49fa-bd3a-b870eb4fb8fb/v1/wplus-icon-blue.svg" alt="Walmart Plus" width="20" height="20"></div><div class="mt2 mb2"><span class="w_Du w_D0 w_D4 mr1 mt1 ph1">Pickup</span><span class="w_Du w_D0 w_D4 mr1 mt1 ph1">Delivery</span><span class="w_Du w_D0 w_D4 mr1 mt1 ph1">1-day shipping</span></div></div></div></div></div></div><div class="mb1 ph1 pa0-xl bb b--near-white w-25"><div class="h-100 pb1-xl pr4-xl pv1 ph1"><div data-item-id="340CQEC17FR7" data-ad-component-type="wpa-tile" class="sans-serif mid-gray relative flex flex-column w-100 "><a link-identifier="655094884" href="https://wrd.walmart.com/track?rdf=1&amp;adUid=5ae56148-c483-4d5e-8947-a05ac6c558ca&amp;plmt=sp-browse-middle~desktop~&amp;tax=976759_976787_1001390&amp;pltfm=desktop&amp;eventST=click&amp;pgId=976759_976787_1001390&amp;spQs=J5TYYnzQtuEdDTzlQp2ydbp7wzrxDKLQ3QfjOcdZJmiksLIKH8GdMHI51EBhDsz8qB3PbyLVAuoEidKhDBfv189ZQ00bNQsSkwMVzGoxRBK7GfsTspGxKWXGwW2lp_glBvJ-XNdbkrDEMXNHDkZzz1sdwWtHuW-nfgHHnze8lxk&amp;storeId=3081&amp;pt=browse&amp;pos=21&amp;bt=1&amp;mloc=sp-browse-middle&amp;bkt=2478&amp;rd=https%3A%2F%2Fwww.walmart.com%2Fip%2FTakis-Fuego-Rolled-Tortilla-Chips-Hot-Chili-Pepper-and-Lime-Artificially-Flavored-20-Ounce-Fiesta-Size-Bag%2F655094884&amp;/ip/Takis-Fuego-Rolled-Tortilla-Chips-Hot-Chili-Pepper-and-Lime-Artificially-Flavored-20-Ounce-Fiesta-Size-Bag/655094884" class="absolute w-100 h-100 z-1"><span class="w_R">Takis Fuego Rolled Tortilla Chips, Hot Chili Pepper and Lime Artificially Flavored, 20 Ounce Fiesta Size Bag </span></a><div class="" data-testid="list-view"><div class=""><div class="h2 relative mb2"></div><div class="relative"><div class="relative overflow-hidden" style="max-width: 290px; height: 0px; padding-bottom: min(290px, 100%); align-self: center; width: min(290px, 100%);"><img loading="lazy" srcset="https://i5.walmartimages.com/asr/77fae496-d0a6-4289-8f33-2496553175d6.73408a2f420a364571a0a0104663be4e.jpeg?odnHeight=290&amp;odnWidth=290&amp;odnBg=FFFFFF 1x, https://i5.walmartimages.com/asr/77fae496-d0a6-4289-8f33-2496553175d6.73408a2f420a364571a0a0104663be4e.jpeg?odnHeight=580&amp;odnWidth=580&amp;odnBg=FFFFFF 2x" class="absolute top-0 left-0" data-testid="productTileImage" alt="" src="https://i5.walmartimages.com/asr/77fae496-d0a6-4289-8f33-2496553175d6.73408a2f420a364571a0a0104663be4e.jpeg?odnHeight=580&amp;odnWidth=580&amp;odnBg=FFFFFF" width="" height=""></div><div class="z-2 absolute bottom--1"><div class="dib relative"><button class="w_AP w_AR w_AW pointer bn bg-blue hover-bg-dark-blue white sans-serif b w-auto ph2 flex items-center justify-center shadow-1" type="button" aria-label="Add to cart - Takis Fuego Rolled Tortilla Chips, Hot Chili Pepper and Lime Artificially Flavored, 20 Ounce Fiesta Size Bag"><i class="ld ld-Plus" style="font-size: 1.5rem; vertical-align: -0.25em;" title="add to cart"></i><span class="mr2">Add</span></button></div></div></div><div class="mt5 mb1" style="height: 24px;" data-testid="variant-340CQEC17FR7"><div class="flex items-center lh-title h2-l normal"><span class="gray f7">Sponsored</span></div></div></div><div class=""><div class="flex flex-wrap justify-start items-center lh-title mb2 mb1-m"><div class="b black f5 mr1 mr2-xl lh-copy f4-l" aria-hidden="true">$4.47</div><span class="w_R">current price $4.47</span><div class="f7 f6-l gray mr1">22.4 ¢/oz</div></div><span class="w_N" style="-webkit-line-clamp: 3; padding-bottom: 0em; margin-bottom: 0em;"><span class="f6 f5-l normal dark-gray mb0 mt1 lh-title">Takis Fuego Rolled Tortilla Chips, Hot Chili Pepper and Lime Artificially Flavored, 20 Ounce Fiesta Size Bag</span></span><div class="mt2 flex items-center"><span class="black inline-flex mr1"><i class="ld ld-StarFill" style="font-size: 12px; vertical-align: -0.175em;" aria-hidden="true"></i><i class="ld ld-StarFill" style="font-size: 12px; vertical-align: -0.175em;" aria-hidden="true"></i><i class="ld ld-StarFill" style="font-size: 12px; vertical-align: -0.175em;" aria-hidden="true"></i><i class="ld ld-StarFill" style="font-size: 12px; vertical-align: -0.175em;" aria-hidden="true"></i><i class="ld ld-StarHalf" style="font-size: 12px; vertical-align: -0.175em;" aria-hidden="true"></i></span><span class="sans-serif gray f7" aria-hidden="true">347</span><span class="w_R">4.6 out of 5 Stars. 347 reviews</span></div><div class="mv2 flex items-center"><div class="f7 mr1 blue b lh-copy">Save with</div><img loading="lazy" class="pr2 flex" src="//i5.walmartimages.com/dfw/63fd9f59-ac39/29c6759d-7f14-49fa-bd3a-b870eb4fb8fb/v1/wplus-icon-blue.svg" alt="Walmart Plus" width="20" height="20"></div><div class="mt2 mb2"><span class="w_Du w_D0 w_D4 mr1 mt1 ph1">Pickup</span><span class="w_Du w_D0 w_D4 mr1 mt1 ph1">Delivery</span><span class="w_Du w_D0 w_D4 mr1 mt1 ph1">1-day shipping</span></div></div></div></div></div></div><div class="mb1 ph1 pa0-xl bb b--near-white w-25"><div class="h-100 pb1-xl pr4-xl pv1 ph1"><div data-item-id="6NG0MDFJYBVP" data-ad-component-type="wpa-tile" class="sans-serif mid-gray relative flex flex-column w-100 "><a link-identifier="36929091" href="https://wrd.walmart.com/track?rdf=1&amp;adUid=5ae56148-c483-4d5e-8947-a05ac6c558ca&amp;plmt=sp-browse-middle~desktop~&amp;tax=976759_976787_1001390&amp;pltfm=desktop&amp;eventST=click&amp;pgId=976759_976787_1001390&amp;spQs=AS4Tq8aDCicqS4EDUUfsBlpBzYlGJAF13vTWAYfTooe9_8F_b0Qj2GNKrGnsLHGV4dty2vNVKphEUpOMUm7zMMR5zPgaS36Yy3wDwlivHsJCz2ykXjhD6uesKjEti8z-uDUtN7SJ2ANn8jNg2uj-6UimKnTTQtZNIODCKzTs2tY&amp;storeId=3081&amp;pt=browse&amp;pos=22&amp;bt=1&amp;mloc=sp-browse-middle&amp;bkt=2478&amp;rd=https%3A%2F%2Fwww.walmart.com%2Fip%2FQuaker-Rice-Cakes-Apple-Cinnamon-6-53-Oz%2F36929091%3Fathbdg%3DL1600&amp;athbdg=L1600" class="absolute w-100 h-100 z-1"><span class="w_R">Quaker Rice Cakes, Apple Cinnamon, 6.53 Oz </span></a><div class="" data-testid="list-view"><div class=""><div class="h2 relative mb2"><span class="w_Du w_D0 w_D3 absolute">Best seller</span></div><div class="relative"><div class="relative overflow-hidden" style="max-width: 290px; height: 0px; padding-bottom: min(290px, 100%); align-self: center; width: min(290px, 100%);"><img loading="lazy" srcset="https://i5.walmartimages.com/asr/e74d0390-400d-4fd8-9f4b-078d80131a31_1.c46cd0292c9ee794f44db46a58301018.jpeg?odnHeight=290&amp;odnWidth=290&amp;odnBg=FFFFFF 1x, https://i5.walmartimages.com/asr/e74d0390-400d-4fd8-9f4b-078d80131a31_1.c46cd0292c9ee794f44db46a58301018.jpeg?odnHeight=580&amp;odnWidth=580&amp;odnBg=FFFFFF 2x" class="absolute top-0 left-0" data-testid="productTileImage" alt="" src="https://i5.walmartimages.com/asr/e74d0390-400d-4fd8-9f4b-078d80131a31_1.c46cd0292c9ee794f44db46a58301018.jpeg?odnHeight=580&amp;odnWidth=580&amp;odnBg=FFFFFF" width="" height=""></div><div class="z-2 absolute bottom--1"><div class="dib relative"><button class="w_AP w_AR w_AW pointer bn bg-blue hover-bg-dark-blue white sans-serif b w-auto ph2 flex items-center justify-center shadow-1" type="button" aria-label="Add to cart - Quaker Rice Cakes, Apple Cinnamon, 6.53 Oz"><i class="ld ld-Plus" style="font-size: 1.5rem; vertical-align: -0.25em;" title="add to cart"></i><span class="mr2">Add</span></button></div></div></div><div class="mt5 mb1" style="height: 24px;" data-testid="variant-6NG0MDFJYBVP"><div class="flex items-center lh-title h2-l normal"><span class="gray f7">Sponsored</span></div></div></div><div class=""><div class="flex flex-wrap justify-start items-center lh-title mb2 mb1-m"><div class="b black f5 mr1 mr2-xl lh-copy f4-l" aria-hidden="true">$3.00</div><span class="w_R">current price $3.00</span><div class="f7 f6-l gray mr1">45.9 ¢/oz</div></div><span class="w_N" style="-webkit-line-clamp: 3; padding-bottom: 0em; margin-bottom: 0em;"><span class="f6 f5-l normal dark-gray mb0 mt1 lh-title">Quaker Rice Cakes, Apple Cinnamon, 6.53 Oz</span></span><div class="mt2 flex items-center"><span class="black inline-flex mr1"><i class="ld ld-StarFill" style="font-size: 12px; vertical-align: -0.175em;" aria-hidden="true"></i><i class="ld ld-StarFill" style="font-size: 12px; vertical-align: -0.175em;" aria-hidden="true"></i><i class="ld ld-StarFill" style="font-size: 12px; vertical-align: -0.175em;" aria-hidden="true"></i><i class="ld ld-StarFill" style="font-size: 12px; vertical-align: -0.175em;" aria-hidden="true"></i><i class="ld ld-StarHalf" style="font-size: 12px; vertical-align: -0.175em;" aria-hidden="true"></i></span><span class="sans-serif gray f7" aria-hidden="true">320</span><span class="w_R">4.7 out of 5 Stars. 320 reviews</span></div><div class="mv2 flex items-center"><div class="f7 mr1 blue b lh-copy">Save with</div><img loading="lazy" class="pr2 flex" src="//i5.walmartimages.com/dfw/63fd9f59-ac39/29c6759d-7f14-49fa-bd3a-b870eb4fb8fb/v1/wplus-icon-blue.svg" alt="Walmart Plus" width="20" height="20"></div><div class="mt2 mb2"><span class="w_Du w_D0 w_D4 mr1 mt1 ph1">Pickup</span><span class="w_Du w_D0 w_D4 mr1 mt1 ph1">Delivery</span><span class="w_Du w_D0 w_D4 mr1 mt1 ph1">1-day shipping</span></div></div></div></div></div></div><div class="mb1 ph1 pa0-xl bb b--near-white w-25"><div class="h-100 pb1-xl pr4-xl pv1 ph1"><div data-item-id="1Y7FMLU33A8O" class="sans-serif mid-gray relative flex flex-column w-100 "><a link-identifier="36915845" class="absolute w-100 h-100 z-1" href="/ip/Cheetos-Puff-Cheese-Flavored-Snack-8-oz/36915845?athbdg=L1600"><span class="w_R">Cheetos Puff Cheese Flavored Snack, 8 oz </span></a><div class="" data-testid="list-view"><div class=""><div class="h2 relative mb2"><span class="w_Du w_D0 w_D3 absolute">Best seller</span></div><div class="relative"><div class="relative overflow-hidden" style="max-width: 290px; height: 0px; padding-bottom: min(290px, 100%); align-self: center; width: min(290px, 100%);"><img loading="lazy" srcset="https://i5.walmartimages.com/asr/04473502-0397-47b2-8106-64bcd3dea272.dbe6970630307c1f3d6a4f80f07ec393.jpeg?odnHeight=290&amp;odnWidth=290&amp;odnBg=FFFFFF 1x, https://i5.walmartimages.com/asr/04473502-0397-47b2-8106-64bcd3dea272.dbe6970630307c1f3d6a4f80f07ec393.jpeg?odnHeight=580&amp;odnWidth=580&amp;odnBg=FFFFFF 2x" class="absolute top-0 left-0" data-testid="productTileImage" alt="" src="https://i5.walmartimages.com/asr/04473502-0397-47b2-8106-64bcd3dea272.dbe6970630307c1f3d6a4f80f07ec393.jpeg?odnHeight=580&amp;odnWidth=580&amp;odnBg=FFFFFF" width="" height=""></div><div class="z-2 absolute bottom--1"><div class="dib relative"><button class="w_AP w_AR w_AW pointer bn bg-blue hover-bg-dark-blue white sans-serif b w-auto ph2 flex items-center justify-center shadow-1" type="button" aria-label="Add to cart - Cheetos Puff Cheese Flavored Snack, 8 oz"><i class="ld ld-Plus" style="font-size: 1.5rem; vertical-align: -0.25em;" title="add to cart"></i><span class="mr2">Add</span></button></div></div></div><div class="mt5 mb1" style="height: 24px;" data-testid="variant-1Y7FMLU33A8O"></div></div><div class=""><div class="flex flex-wrap justify-start items-center lh-title mb2 mb1-m"><div class="b black f5 mr1 mr2-xl lh-copy f4-l" aria-hidden="true">$3.48</div><span class="w_R">current price $3.48</span><div class="f7 f6-l strike gray mr3" aria-hidden="true">$11.49</div><span class="w_R">was $11.49</span><div class="f7 f6-l gray mr1">43.5 ¢/oz</div></div><span class="w_N" style="-webkit-line-clamp: 3; padding-bottom: 0em; margin-bottom: 0em;"><span class="f6 f5-l normal dark-gray mb0 mt1 lh-title">Cheetos Puff Cheese Flavored Snack, 8 oz</span></span><div class="mt2 flex items-center"><span class="black inline-flex mr1"><i class="ld ld-StarFill" style="font-size: 12px; vertical-align: -0.175em;" aria-hidden="true"></i><i class="ld ld-StarFill" style="font-size: 12px; vertical-align: -0.175em;" aria-hidden="true"></i><i class="ld ld-StarFill" style="font-size: 12px; vertical-align: -0.175em;" aria-hidden="true"></i><i class="ld ld-StarFill" style="font-size: 12px; vertical-align: -0.175em;" aria-hidden="true"></i><i class="ld ld-StarFill" style="font-size: 12px; vertical-align: -0.175em;" aria-hidden="true"></i></span><span class="sans-serif gray f7" aria-hidden="true">719</span><span class="w_R">4.8 out of 5 Stars. 719 reviews</span></div><div class="mv2 flex items-center"><div class="f7 mr1 blue b lh-copy">Save with</div><img loading="lazy" class="pr2 flex" src="//i5.walmartimages.com/dfw/63fd9f59-ac39/29c6759d-7f14-49fa-bd3a-b870eb4fb8fb/v1/wplus-icon-blue.svg" alt="Walmart Plus" width="20" height="20"></div><div class="mt2 mb2"><span class="w_Du w_D0 w_D4 mr1 mt1 ph1">Pickup</span><span class="w_Du w_D0 w_D4 mr1 mt1 ph1">Delivery</span><span class="w_Du w_D0 w_D4 mr1 mt1 ph1">1-day shipping</span></div></div></div></div></div></div><div class="mb1 ph1 pa0-xl bb b--near-white w-25"><div class="h-100 pb1-xl pr4-xl pv1 ph1"><div data-item-id="1BR8WA64LMQI" class="sans-serif mid-gray relative flex flex-column w-100 "><a link-identifier="108065286" class="absolute w-100 h-100 z-1" href="/ip/Pringles-Potato-Crisps-Chips-Lunch-Snacks-On-The-Go-Snacks-Sour-Cream-and-Onion-5-5-Oz-Can/108065286?athbdg=L1600"><span class="w_R">Pringles Potato Crisps Chips, Lunch Snacks, On The Go Snacks, Sour Cream and Onion, 5.5 Oz, Can </span></a><div class="" data-testid="list-view"><div class=""><div class="h2 relative mb2"><span class="w_Du w_D0 w_D3 absolute">Best seller</span></div><div class="relative"><div class="relative overflow-hidden" style="max-width: 290px; height: 0px; padding-bottom: min(290px, 100%); align-self: center; width: min(290px, 100%);"><img loading="lazy" srcset="https://i5.walmartimages.com/asr/0080a304-703e-445d-9fd0-d3ec23ae4665.3f2af747cf6b3a709f64bbfb50471084.jpeg?odnHeight=290&amp;odnWidth=290&amp;odnBg=FFFFFF 1x, https://i5.walmartimages.com/asr/0080a304-703e-445d-9fd0-d3ec23ae4665.3f2af747cf6b3a709f64bbfb50471084.jpeg?odnHeight=580&amp;odnWidth=580&amp;odnBg=FFFFFF 2x" class="absolute top-0 left-0" data-testid="productTileImage" alt="" src="https://i5.walmartimages.com/asr/0080a304-703e-445d-9fd0-d3ec23ae4665.3f2af747cf6b3a709f64bbfb50471084.jpeg?odnHeight=580&amp;odnWidth=580&amp;odnBg=FFFFFF" width="" height=""></div><div class="z-2 absolute bottom--1"><div class="dib relative"><button class="w_AP w_AR w_AW pointer bn bg-blue hover-bg-dark-blue white sans-serif b w-auto ph2 flex items-center justify-center shadow-1" type="button" aria-label="Add to cart - Pringles Potato Crisps Chips, Lunch Snacks, On The Go Snacks, Sour Cream and Onion, 5.5 Oz, Can"><i class="ld ld-Plus" style="font-size: 1.5rem; vertical-align: -0.25em;" title="add to cart"></i><span class="mr2">Add</span></button></div></div></div><div class="mt5 mb1" style="height: 24px;" data-testid="variant-1BR8WA64LMQI"></div></div><div class=""><div class="flex flex-wrap justify-start items-center lh-title mb2 mb1-m"><div class="b black f5 mr1 mr2-xl lh-copy f4-l" aria-hidden="true">$1.78</div><span class="w_R">current price $1.78</span><div class="f7 f6-l gray mr1">32.4 ¢/oz</div></div><span class="w_N" style="-webkit-line-clamp: 3; padding-bottom: 0em; margin-bottom: 0em;"><span class="f6 f5-l normal dark-gray mb0 mt1 lh-title">Pringles Potato Crisps Chips, Lunch Snacks, On The Go Snacks, Sour Cream and Onion, 5.5 Oz, Can</span></span><div class="mt2 flex items-center"><span class="black inline-flex mr1"><i class="ld ld-StarFill" style="font-size: 12px; vertical-align: -0.175em;" aria-hidden="true"></i><i class="ld ld-StarFill" style="font-size: 12px; vertical-align: -0.175em;" aria-hidden="true"></i><i class="ld ld-StarFill" style="font-size: 12px; vertical-align: -0.175em;" aria-hidden="true"></i><i class="ld ld-StarFill" style="font-size: 12px; vertical-align: -0.175em;" aria-hidden="true"></i><i class="ld ld-StarHalf" style="font-size: 12px; vertical-align: -0.175em;" aria-hidden="true"></i></span><span class="sans-serif gray f7" aria-hidden="true">1255</span><span class="w_R">4.3 out of 5 Stars. 1255 reviews</span></div><div class="mv2 flex items-center"><div class="f7 mr1 blue b lh-copy">Save with</div><img loading="lazy" class="pr2 flex" src="//i5.walmartimages.com/dfw/63fd9f59-ac39/29c6759d-7f14-49fa-bd3a-b870eb4fb8fb/v1/wplus-icon-blue.svg" alt="Walmart Plus" width="20" height="20"></div><div class="mt2 mb2"><span class="w_Du w_D0 w_D4 mr1 mt1 ph1">Pickup</span><span class="w_Du w_D0 w_D4 mr1 mt1 ph1">Delivery</span></div></div></div></div></div></div><div class="mb1 ph1 pa0-xl bb b--near-white w-25"><div class="h-100 pb1-xl pr4-xl pv1 ph1"><div data-item-id="362KL5Q6ZQK5" class="sans-serif mid-gray relative flex flex-column w-100 "><a link-identifier="411914231" class="absolute w-100 h-100 z-1" href="/ip/Ruffles-Potato-Chips-Cheddar-Sour-Cream-Flavored-12-5-Oz/411914231"><span class="w_R">Ruffles Potato Chips Cheddar &amp; Sour Cream Flavored 12.5 Oz </span></a><div class="" data-testid="list-view"><div class=""><div class="h2 relative mb2"></div><div class="relative"><div class="relative overflow-hidden" style="max-width: 290px; height: 0px; padding-bottom: min(290px, 100%); align-self: center; width: min(290px, 100%);"><img loading="lazy" srcset="https://i5.walmartimages.com/asr/a20bde21-cafa-45bb-8d99-4dfbd1fb456c.e6e863612e609cf701751259f37ff4de.jpeg?odnHeight=290&amp;odnWidth=290&amp;odnBg=FFFFFF 1x, https://i5.walmartimages.com/asr/a20bde21-cafa-45bb-8d99-4dfbd1fb456c.e6e863612e609cf701751259f37ff4de.jpeg?odnHeight=580&amp;odnWidth=580&amp;odnBg=FFFFFF 2x" class="absolute top-0 left-0" data-testid="productTileImage" alt="" src="https://i5.walmartimages.com/asr/a20bde21-cafa-45bb-8d99-4dfbd1fb456c.e6e863612e609cf701751259f37ff4de.jpeg?odnHeight=580&amp;odnWidth=580&amp;odnBg=FFFFFF" width="" height=""></div><div class="z-2 absolute bottom--1"><div class="dib relative"><button class="w_AP w_AR w_AW pointer bn bg-blue hover-bg-dark-blue white sans-serif b w-auto ph2 flex items-center justify-center shadow-1" type="button" aria-label="Add to cart - Ruffles Potato Chips Cheddar &amp; Sour Cream Flavored 12.5 Oz"><i class="ld ld-Plus" style="font-size: 1.5rem; vertical-align: -0.25em;" title="add to cart"></i><span class="mr2">Add</span></button></div></div></div><div class="mt5 mb1" style="height: 24px;" data-testid="variant-362KL5Q6ZQK5"></div></div><div class=""><div class="flex flex-wrap justify-start items-center lh-title mb2 mb1-m"><div class="b black f5 mr1 mr2-xl lh-copy f4-l" aria-hidden="true">$4.48</div><span class="w_R">current price $4.48</span><div class="f7 f6-l gray mr1">35.8 ¢/oz</div></div><span class="w_N" style="-webkit-line-clamp: 3; padding-bottom: 0em; margin-bottom: 0em;"><span class="f6 f5-l normal dark-gray mb0 mt1 lh-title">Ruffles Potato Chips Cheddar &amp; Sour Cream Flavored 12.5 Oz</span></span><div class="mt2 flex items-center"><span class="black inline-flex mr1"><i class="ld ld-StarFill" style="font-size: 12px; vertical-align: -0.175em;" aria-hidden="true"></i><i class="ld ld-StarFill" style="font-size: 12px; vertical-align: -0.175em;" aria-hidden="true"></i><i class="ld ld-StarFill" style="font-size: 12px; vertical-align: -0.175em;" aria-hidden="true"></i><i class="ld ld-StarFill" style="font-size: 12px; vertical-align: -0.175em;" aria-hidden="true"></i><i class="ld ld-Star" style="font-size: 12px; vertical-align: -0.175em;" aria-hidden="true"></i></span><span class="sans-serif gray f7" aria-hidden="true">107</span><span class="w_R">4.2 out of 5 Stars. 107 reviews</span></div><div class="mv2 flex items-center"><div class="f7 mr1 blue b lh-copy">Save with</div><img loading="lazy" class="pr2 flex" src="//i5.walmartimages.com/dfw/63fd9f59-ac39/29c6759d-7f14-49fa-bd3a-b870eb4fb8fb/v1/wplus-icon-blue.svg" alt="Walmart Plus" width="20" height="20"></div><div class="mt2 mb2"><span class="w_Du w_D0 w_D4 mr1 mt1 ph1">Pickup</span><span class="w_Du w_D0 w_D4 mr1 mt1 ph1">Delivery</span><span class="w_Du w_D0 w_D4 mr1 mt1 ph1">1-day shipping</span></div></div></div></div></div></div><div class="mb1 ph1 pa0-xl bb b--near-white w-25"><div class="h-100 pb1-xl pr4-xl pv1 ph1"><div data-item-id="3LD0EFWV48WW" class="sans-serif mid-gray relative flex flex-column w-100 "><a link-identifier="910985070" class="absolute w-100 h-100 z-1" href="/ip/Ruffles-Original-Potato-Chips-Party-Size-13-oz/910985070"><span class="w_R">Ruffles Original Potato Chips Party Size, 13 oz </span></a><div class="" data-testid="list-view"><div class=""><div class="h2 relative mb2"></div><div class="relative"><div class="relative overflow-hidden" style="max-width: 290px; height: 0px; padding-bottom: min(290px, 100%); align-self: center; width: min(290px, 100%);"><img loading="lazy" srcset="https://i5.walmartimages.com/asr/ca2f87e4-e7af-4caf-87d9-93ddcc5cfb29.7a2a872b8b0a64647c53e6a6375cc935.jpeg?odnHeight=290&amp;odnWidth=290&amp;odnBg=FFFFFF 1x, https://i5.walmartimages.com/asr/ca2f87e4-e7af-4caf-87d9-93ddcc5cfb29.7a2a872b8b0a64647c53e6a6375cc935.jpeg?odnHeight=580&amp;odnWidth=580&amp;odnBg=FFFFFF 2x" class="absolute top-0 left-0" data-testid="productTileImage" alt="" src="https://i5.walmartimages.com/asr/ca2f87e4-e7af-4caf-87d9-93ddcc5cfb29.7a2a872b8b0a64647c53e6a6375cc935.jpeg?odnHeight=580&amp;odnWidth=580&amp;odnBg=FFFFFF" width="" height=""></div><div class="z-2 absolute bottom--1"><div class="dib relative"><button class="w_AP w_AR w_AW pointer bn bg-blue hover-bg-dark-blue white sans-serif b w-auto ph2 flex items-center justify-center shadow-1" type="button" aria-label="Add to cart - Ruffles Original Potato Chips Party Size, 13 oz"><i class="ld ld-Plus" style="font-size: 1.5rem; vertical-align: -0.25em;" title="add to cart"></i><span class="mr2">Add</span></button></div></div></div><div class="mt5 mb1" style="height: 24px;" data-testid="variant-3LD0EFWV48WW"></div></div><div class=""><div class="flex flex-wrap justify-start items-center lh-title mb2 mb1-m"><div class="b black f5 mr1 mr2-xl lh-copy f4-l" aria-hidden="true">$4.48</div><span class="w_R">current price $4.48</span><div class="f7 f6-l gray mr1">34.5 ¢/oz</div></div><span class="w_N" style="-webkit-line-clamp: 3; padding-bottom: 0em; margin-bottom: 0em;"><span class="f6 f5-l normal dark-gray mb0 mt1 lh-title">Ruffles Original Potato Chips Party Size, 13 oz</span></span><div class="mt2 flex items-center"><span class="black inline-flex mr1"><i class="ld ld-StarFill" style="font-size: 12px; vertical-align: -0.175em;" aria-hidden="true"></i><i class="ld ld-StarFill" style="font-size: 12px; vertical-align: -0.175em;" aria-hidden="true"></i><i class="ld ld-StarFill" style="font-size: 12px; vertical-align: -0.175em;" aria-hidden="true"></i><i class="ld ld-StarFill" style="font-size: 12px; vertical-align: -0.175em;" aria-hidden="true"></i><i class="ld ld-Star" style="font-size: 12px; vertical-align: -0.175em;" aria-hidden="true"></i></span><span class="sans-serif gray f7" aria-hidden="true">178</span><span class="w_R">4.1 out of 5 Stars. 178 reviews</span></div><div class="mv2 flex items-center"><div class="f7 mr1 blue b lh-copy">Save with</div><img loading="lazy" class="pr2 flex" src="//i5.walmartimages.com/dfw/63fd9f59-ac39/29c6759d-7f14-49fa-bd3a-b870eb4fb8fb/v1/wplus-icon-blue.svg" alt="Walmart Plus" width="20" height="20"></div><div class="mt2 mb2"><span class="w_Du w_D0 w_D4 mr1 mt1 ph1">Pickup</span><span class="w_Du w_D0 w_D4 mr1 mt1 ph1">Delivery</span><span class="w_Du w_D0 w_D4 mr1 mt1 ph1">1-day shipping</span></div></div></div></div></div></div><div class="mb1 ph1 pa0-xl bb b--near-white w-25"><div class="h-100 pb1-xl pr4-xl pv1 ph1"><div data-item-id="43PT0BD3F2ZK" class="sans-serif mid-gray relative flex flex-column w-100 "><a link-identifier="971901439" class="absolute w-100 h-100 z-1" href="/ip/Tostitos-Bite-Size-Tortilla-Round-Chips-12-oz/971901439?athbdg=L1600"><span class="w_R">Tostitos Bite Size Tortilla Round Chips, 12 oz </span></a><div class="" data-testid="list-view"><div class=""><div class="h2 relative mb2"><span class="w_Du w_D0 w_D3 absolute">Best seller</span></div><div class="relative"><div class="relative overflow-hidden" style="max-width: 290px; height: 0px; padding-bottom: min(290px, 100%); align-self: center; width: min(290px, 100%);"><img loading="lazy" srcset="https://i5.walmartimages.com/asr/95ff5426-f2b7-4dbd-8f19-6431012ee3f0.0c43ef1ae7ad75278cc273bdd3e8606d.jpeg?odnHeight=290&amp;odnWidth=290&amp;odnBg=FFFFFF 1x, https://i5.walmartimages.com/asr/95ff5426-f2b7-4dbd-8f19-6431012ee3f0.0c43ef1ae7ad75278cc273bdd3e8606d.jpeg?odnHeight=580&amp;odnWidth=580&amp;odnBg=FFFFFF 2x" class="absolute top-0 left-0" data-testid="productTileImage" alt="" src="https://i5.walmartimages.com/asr/95ff5426-f2b7-4dbd-8f19-6431012ee3f0.0c43ef1ae7ad75278cc273bdd3e8606d.jpeg?odnHeight=580&amp;odnWidth=580&amp;odnBg=FFFFFF" width="" height=""></div><div class="z-2 absolute bottom--1"><div class="dib relative"><button class="w_AP w_AR w_AW pointer bn bg-blue hover-bg-dark-blue white sans-serif b w-auto ph2 flex items-center justify-center shadow-1" type="button" aria-label="Add to cart - Tostitos Bite Size Tortilla Round Chips, 12 oz"><i class="ld ld-Plus" style="font-size: 1.5rem; vertical-align: -0.25em;" title="add to cart"></i><span class="mr2">Add</span></button></div></div></div><div class="mt5 mb1" style="height: 24px;" data-testid="variant-43PT0BD3F2ZK"></div></div><div class=""><div class="flex flex-wrap justify-start items-center lh-title mb2 mb1-m"><div class="b black f5 mr1 mr2-xl lh-copy f4-l" aria-hidden="true">$3.48</div><span class="w_R">current price $3.48</span><div class="f7 f6-l gray mr1">29.0 ¢/oz</div></div><span class="w_N" style="-webkit-line-clamp: 3; padding-bottom: 0em; margin-bottom: 0em;"><span class="f6 f5-l normal dark-gray mb0 mt1 lh-title">Tostitos Bite Size Tortilla Round Chips, 12 oz</span></span><div class="mt2 flex items-center"><span class="black inline-flex mr1"><i class="ld ld-StarFill" style="font-size: 12px; vertical-align: -0.175em;" aria-hidden="true"></i><i class="ld ld-StarFill" style="font-size: 12px; vertical-align: -0.175em;" aria-hidden="true"></i><i class="ld ld-StarFill" style="font-size: 12px; vertical-align: -0.175em;" aria-hidden="true"></i><i class="ld ld-StarFill" style="font-size: 12px; vertical-align: -0.175em;" aria-hidden="true"></i><i class="ld ld-Star" style="font-size: 12px; vertical-align: -0.175em;" aria-hidden="true"></i></span><span class="sans-serif gray f7" aria-hidden="true">37</span><span class="w_R">4 out of 5 Stars. 37 reviews</span></div><div class="mv2 flex items-center"><div class="f7 mr1 blue b lh-copy">Save with</div><img loading="lazy" class="pr2 flex" src="//i5.walmartimages.com/dfw/63fd9f59-ac39/29c6759d-7f14-49fa-bd3a-b870eb4fb8fb/v1/wplus-icon-blue.svg" alt="Walmart Plus" width="20" height="20"></div><div class="mt2 mb2"><span class="w_Du w_D0 w_D4 mr1 mt1 ph1">Pickup</span><span class="w_Du w_D0 w_D4 mr1 mt1 ph1">Delivery</span><span class="w_Du w_D0 w_D4 mr1 mt1 ph1">1-day shipping</span></div></div></div></div></div></div><div class="mb1 ph1 pa0-xl bb b--near-white w-25"><div class="h-100 pb1-xl pr4-xl pv1 ph1"><div data-item-id="1YB6ZOH33B2B" class="sans-serif mid-gray relative flex flex-column w-100 "><a link-identifier="171369548" class="absolute w-100 h-100 z-1" href="/ip/Smartfood-White-Cheddar-Popcorn-6-75-oz-Bag/171369548"><span class="w_R">Smartfood White Cheddar Popcorn, 6.75 oz Bag </span></a><div class="" data-testid="list-view"><div class=""><div class="h2 relative mb2"></div><div class="relative"><div class="relative overflow-hidden" style="max-width: 290px; height: 0px; padding-bottom: min(290px, 100%); align-self: center; width: min(290px, 100%);"><img loading="lazy" srcset="https://i5.walmartimages.com/asr/994bc3b2-b818-45a6-935a-11c3e5664868.b08c2f8be8b5bd73ec493fad5e613fdf.jpeg?odnHeight=290&amp;odnWidth=290&amp;odnBg=FFFFFF 1x, https://i5.walmartimages.com/asr/994bc3b2-b818-45a6-935a-11c3e5664868.b08c2f8be8b5bd73ec493fad5e613fdf.jpeg?odnHeight=580&amp;odnWidth=580&amp;odnBg=FFFFFF 2x" class="absolute top-0 left-0" data-testid="productTileImage" alt="" src="https://i5.walmartimages.com/asr/994bc3b2-b818-45a6-935a-11c3e5664868.b08c2f8be8b5bd73ec493fad5e613fdf.jpeg?odnHeight=580&amp;odnWidth=580&amp;odnBg=FFFFFF" width="" height=""></div><div class="z-2 absolute bottom--1"><div class="dib relative"><button class="w_AP w_AR w_AW pointer bn bg-blue hover-bg-dark-blue white sans-serif b w-auto ph2 flex items-center justify-center shadow-1" type="button" aria-label="Add to cart - Smartfood White Cheddar Popcorn, 6.75 oz Bag"><i class="ld ld-Plus" style="font-size: 1.5rem; vertical-align: -0.25em;" title="add to cart"></i><span class="mr2">Add</span></button></div></div></div><div class="mt5 mb1" style="height: 24px;" data-testid="variant-1YB6ZOH33B2B"></div></div><div class=""><div class="flex flex-wrap justify-start items-center lh-title mb2 mb1-m"><div class="b black f5 mr1 mr2-xl lh-copy f4-l" aria-hidden="true">$3.28</div><span class="w_R">current price $3.28</span><div class="f7 f6-l gray mr1">48.6 ¢/oz</div></div><span class="w_N" style="-webkit-line-clamp: 3; padding-bottom: 0em; margin-bottom: 0em;"><span class="f6 f5-l normal dark-gray mb0 mt1 lh-title">Smartfood White Cheddar Popcorn, 6.75 oz Bag</span></span><div class="mt2 flex items-center"><span class="black inline-flex mr1"><i class="ld ld-StarFill" style="font-size: 12px; vertical-align: -0.175em;" aria-hidden="true"></i><i class="ld ld-StarFill" style="font-size: 12px; vertical-align: -0.175em;" aria-hidden="true"></i><i class="ld ld-StarFill" style="font-size: 12px; vertical-align: -0.175em;" aria-hidden="true"></i><i class="ld ld-StarFill" style="font-size: 12px; vertical-align: -0.175em;" aria-hidden="true"></i><i class="ld ld-StarHalf" style="font-size: 12px; vertical-align: -0.175em;" aria-hidden="true"></i></span><span class="sans-serif gray f7" aria-hidden="true">107</span><span class="w_R">4.5 out of 5 Stars. 107 reviews</span></div><div class="mv2 flex items-center"><div class="f7 mr1 blue b lh-copy">Save with</div><img loading="lazy" class="pr2 flex" src="//i5.walmartimages.com/dfw/63fd9f59-ac39/29c6759d-7f14-49fa-bd3a-b870eb4fb8fb/v1/wplus-icon-blue.svg" alt="Walmart Plus" width="20" height="20"></div><div class="mt2 mb2"><span class="w_Du w_D0 w_D4 mr1 mt1 ph1">Pickup</span><span class="w_Du w_D0 w_D4 mr1 mt1 ph1">Delivery</span><span class="w_Du w_D0 w_D4 mr1 mt1 ph1">2-day shipping</span></div></div></div></div></div></div><div class="mb1 ph1 pa0-xl bb b--near-white w-25"><div class="h-100 pb1-xl pr4-xl pv1 ph1"><div data-item-id="5XHTSBHRHXER" class="sans-serif mid-gray relative flex flex-column w-100 "><a link-identifier="16627439" class="absolute w-100 h-100 z-1" href="/ip/Juanitas-Gluten-Free-Tortilla-Chips-15-Oz/16627439"><span class="w_R">Juanitas Gluten-Free Tortilla Chips 15 Oz. </span></a><div class="" data-testid="list-view"><div class=""><div class="h2 relative mb2"></div><div class="relative"><div class="relative overflow-hidden" style="max-width: 290px; height: 0px; padding-bottom: min(290px, 100%); align-self: center; width: min(290px, 100%);"><img loading="lazy" srcset="https://i5.walmartimages.com/asr/f4ee504d-f817-4d31-8927-67d821fecdc2_1.5f6e10838f289aede6301ff402dfd068.jpeg?odnHeight=290&amp;odnWidth=290&amp;odnBg=FFFFFF 1x, https://i5.walmartimages.com/asr/f4ee504d-f817-4d31-8927-67d821fecdc2_1.5f6e10838f289aede6301ff402dfd068.jpeg?odnHeight=580&amp;odnWidth=580&amp;odnBg=FFFFFF 2x" class="absolute top-0 left-0" data-testid="productTileImage" alt="" src="https://i5.walmartimages.com/asr/f4ee504d-f817-4d31-8927-67d821fecdc2_1.5f6e10838f289aede6301ff402dfd068.jpeg?odnHeight=580&amp;odnWidth=580&amp;odnBg=FFFFFF" width="" height=""></div><div class="z-2 absolute bottom--1"><div class="dib relative"><button class="w_AP w_AR w_AW pointer bn bg-blue hover-bg-dark-blue white sans-serif b w-auto ph2 flex items-center justify-center shadow-1" type="button" aria-label="Add to cart - Juanitas Gluten-Free Tortilla Chips 15 Oz."><i class="ld ld-Plus" style="font-size: 1.5rem; vertical-align: -0.25em;" title="add to cart"></i><span class="mr2">Add</span></button></div></div></div><div class="mt5 mb1" style="height: 24px;" data-testid="variant-5XHTSBHRHXER"></div></div><div class=""><div class="flex flex-wrap justify-start items-center lh-title mb2 mb1-m"><div class="b black f5 mr1 mr2-xl lh-copy f4-l" aria-hidden="true">$3.49</div><span class="w_R">current price $3.49</span><div class="f7 f6-l gray mr1">23.3 ¢/oz</div></div><span class="w_N" style="-webkit-line-clamp: 3; padding-bottom: 0em; margin-bottom: 0em;"><span class="f6 f5-l normal dark-gray mb0 mt1 lh-title">Juanitas Gluten-Free Tortilla Chips 15 Oz.</span></span><div class="mt2 flex items-center"><span class="black inline-flex mr1"><i class="ld ld-StarFill" style="font-size: 12px; vertical-align: -0.175em;" aria-hidden="true"></i><i class="ld ld-StarFill" style="font-size: 12px; vertical-align: -0.175em;" aria-hidden="true"></i><i class="ld ld-StarFill" style="font-size: 12px; vertical-align: -0.175em;" aria-hidden="true"></i><i class="ld ld-StarFill" style="font-size: 12px; vertical-align: -0.175em;" aria-hidden="true"></i><i class="ld ld-StarFill" style="font-size: 12px; vertical-align: -0.175em;" aria-hidden="true"></i></span><span class="sans-serif gray f7" aria-hidden="true">36</span><span class="w_R">4.9 out of 5 Stars. 36 reviews</span></div><div class="mv2 flex items-center"><div class="f7 mr1 blue b lh-copy">Save with</div><img loading="lazy" class="pr2 flex" src="//i5.walmartimages.com/dfw/63fd9f59-ac39/29c6759d-7f14-49fa-bd3a-b870eb4fb8fb/v1/wplus-icon-blue.svg" alt="Walmart Plus" width="20" height="20"></div><div class="mt2 mb2"><span class="w_Du w_D0 w_D4 mr1 mt1 ph1">2-day shipping</span></div></div></div></div></div></div><div class="mb1 ph1 pa0-xl bb b--near-white w-25"><div class="h-100 pb1-xl pr4-xl pv1 ph1"><div data-item-id="350UZWE91DCJ" class="sans-serif mid-gray relative flex flex-column w-100 "><a link-identifier="535982445" class="absolute w-100 h-100 z-1" href="/ip/Frito-Lay-Classic-Mix-Snacks-Variety-Pack-18-Count-Assortment-May-Vary/535982445"><span class="w_R">Frito-Lay Classic Mix Snacks Variety Pack, 18 Count (Assortment May Vary) </span></a><div class="" data-testid="list-view"><div class=""><div class="h2 relative mb2"></div><div class="relative"><div class="relative overflow-hidden" style="max-width: 290px; height: 0px; padding-bottom: min(290px, 100%); align-self: center; width: min(290px, 100%);"><img loading="lazy" srcset="https://i5.walmartimages.com/asr/417a922d-ccd9-4028-9252-fcb5fccd4dc3.f010ca5d09e2b3d4963d345f8ae6d4a5.jpeg?odnHeight=290&amp;odnWidth=290&amp;odnBg=FFFFFF 1x, https://i5.walmartimages.com/asr/417a922d-ccd9-4028-9252-fcb5fccd4dc3.f010ca5d09e2b3d4963d345f8ae6d4a5.jpeg?odnHeight=580&amp;odnWidth=580&amp;odnBg=FFFFFF 2x" class="absolute top-0 left-0" data-testid="productTileImage" alt="" src="https://i5.walmartimages.com/asr/417a922d-ccd9-4028-9252-fcb5fccd4dc3.f010ca5d09e2b3d4963d345f8ae6d4a5.jpeg?odnHeight=580&amp;odnWidth=580&amp;odnBg=FFFFFF" width="" height=""></div><div class="z-2 absolute bottom--1"><div class="dib relative"><button class="w_AP w_AR w_AW pointer bn bg-blue hover-bg-dark-blue white sans-serif b w-auto ph2 flex items-center justify-center shadow-1" type="button" aria-label="Add to cart - Frito-Lay Classic Mix Snacks Variety Pack, 18 Count (Assortment May Vary)"><i class="ld ld-Plus" style="font-size: 1.5rem; vertical-align: -0.25em;" title="add to cart"></i><span class="mr2">Add</span></button></div></div></div><div class="mt5 mb1" style="height: 24px;" data-testid="variant-350UZWE91DCJ"></div></div><div class=""><div class="flex flex-wrap justify-start items-center lh-title mb2 mb1-m"><div class="b black f5 mr1 mr2-xl lh-copy f4-l" aria-hidden="true">$23.79</div><span class="w_R">current price $23.79</span></div><span class="w_N" style="-webkit-line-clamp: 3; padding-bottom: 0em; margin-bottom: 0em;"><span class="f6 f5-l normal dark-gray mb0 mt1 lh-title">Frito-Lay Classic Mix Snacks Variety Pack, 18 Count (Assortment May Vary)</span></span><div class="mt2 flex items-center"><span class="black inline-flex mr1"><i class="ld ld-StarFill" style="font-size: 12px; vertical-align: -0.175em;" aria-hidden="true"></i><i class="ld ld-StarFill" style="font-size: 12px; vertical-align: -0.175em;" aria-hidden="true"></i><i class="ld ld-StarFill" style="font-size: 12px; vertical-align: -0.175em;" aria-hidden="true"></i><i class="ld ld-StarFill" style="font-size: 12px; vertical-align: -0.175em;" aria-hidden="true"></i><i class="ld ld-StarHalf" style="font-size: 12px; vertical-align: -0.175em;" aria-hidden="true"></i></span><span class="sans-serif gray f7" aria-hidden="true">735</span><span class="w_R">4.5 out of 5 Stars. 735 reviews</span></div><div class="mt2 mb2"><span class="w_Du w_D0 w_D4 mr1 mt1 ph1">3+ day shipping</span></div></div></div></div></div></div><div class="mb1 ph1 pa0-xl bb b--near-white w-25"><div class="h-100 pb1-xl pr4-xl pv1 ph1"><div data-item-id="1BR8WA64LMQI" data-ad-component-type="wpa-tile" class="sans-serif mid-gray relative flex flex-column w-100 "><a link-identifier="108065286" href="https://wrd.walmart.com/track?rdf=1&amp;adUid=5ae56148-c483-4d5e-8947-a05ac6c558ca&amp;plmt=sp-browse-middle~desktop~&amp;tax=976759_976787_1001390&amp;pltfm=desktop&amp;eventST=click&amp;pgId=976759_976787_1001390&amp;spQs=2fNRSDuAcrZoQCGh2AVrVY0YIcT0Qr3FWBOhp2qLDeugagDlOIMAxNknnWYO2MBsbM4nPPx43ft21QQayCI3A8mDlUHXsBZWdNzEwPficLQN7t_R9bKIo19w7KOdOoqjWtRGsRH8UuHrOFr3ZewpeXZhzAGPlO-8kIHU13-3ejo&amp;storeId=3081&amp;pt=browse&amp;pos=31&amp;bt=1&amp;mloc=sp-browse-middle&amp;bkt=2478&amp;rd=https%3A%2F%2Fwww.walmart.com%2Fip%2FPringles-Potato-Crisps-Chips-Lunch-Snacks-On-The-Go-Snacks-Sour-Cream-and-Onion-5-5-Oz-Can%2F108065286%3Fathbdg%3DL1600&amp;athbdg=L1600" class="absolute w-100 h-100 z-1"><span class="w_R">Pringles Potato Crisps Chips, Lunch Snacks, On The Go Snacks, Sour Cream and Onion, 5.5 Oz, Can </span></a><div class="" data-testid="list-view"><div class=""><div class="h2 relative mb2"><span class="w_Du w_D0 w_D3 absolute">Best seller</span></div><div class="relative"><div class="relative overflow-hidden" style="max-width: 290px; height: 0px; padding-bottom: min(290px, 100%); align-self: center; width: min(290px, 100%);"><img loading="lazy" srcset="https://i5.walmartimages.com/asr/0080a304-703e-445d-9fd0-d3ec23ae4665.3f2af747cf6b3a709f64bbfb50471084.jpeg?odnHeight=290&amp;odnWidth=290&amp;odnBg=FFFFFF 1x, https://i5.walmartimages.com/asr/0080a304-703e-445d-9fd0-d3ec23ae4665.3f2af747cf6b3a709f64bbfb50471084.jpeg?odnHeight=580&amp;odnWidth=580&amp;odnBg=FFFFFF 2x" class="absolute top-0 left-0" data-testid="productTileImage" alt="" src="https://i5.walmartimages.com/asr/0080a304-703e-445d-9fd0-d3ec23ae4665.3f2af747cf6b3a709f64bbfb50471084.jpeg?odnHeight=580&amp;odnWidth=580&amp;odnBg=FFFFFF" width="" height=""></div><div class="z-2 absolute bottom--1"><div class="dib relative"><a class="w_AP w_AR w_AW pointer bn bg-blue hover-bg-dark-blue white sans-serif b w-auto ph2 flex items-center justify-center shadow-1" href="https://wrd.walmart.com/track?rdf=1&amp;adUid=5ae56148-c483-4d5e-8947-a05ac6c558ca&amp;plmt=sp-browse-middle~desktop~&amp;tax=976759_976787_1001390&amp;pltfm=desktop&amp;eventST=click&amp;pgId=976759_976787_1001390&amp;spQs=2fNRSDuAcrZoQCGh2AVrVY0YIcT0Qr3FWBOhp2qLDeugagDlOIMAxNknnWYO2MBsbM4nPPx43ft21QQayCI3A8mDlUHXsBZWdNzEwPficLQN7t_R9bKIo19w7KOdOoqjWtRGsRH8UuHrOFr3ZewpeXZhzAGPlO-8kIHU13-3ejo&amp;storeId=3081&amp;pt=browse&amp;pos=31&amp;bt=1&amp;mloc=sp-browse-middle&amp;bkt=2478&amp;rd=https%3A%2F%2Fwww.walmart.com%2Fip%2FPringles-Potato-Crisps-Chips-Lunch-Snacks-On-The-Go-Snacks-Sour-Cream-and-Onion-5-5-Oz-Can%2F108065286%3Fathbdg%3DL1600&amp;athbdg=L1600" aria-label="Options - Pringles Potato Crisps Chips, Lunch Snacks, On The Go Snacks, Sour Cream and Onion, 5.5 Oz, Can"><span class="mh2">Options</span></a></div></div></div><div class="mt5 mb1" style="height: 24px;" data-testid="variant-1BR8WA64LMQI"><div class="flex items-center lh-title h2-l normal"><span class="gray f7">Sponsored</span></div></div></div><div class=""><div class="flex flex-wrap justify-start items-center lh-title mb2 mb1-m"><div class="b f5 f4-l black mr1 lh-copy">From $1.78</div></div><span class="w_N" style="-webkit-line-clamp: 3; padding-bottom: 0em; margin-bottom: 0em;"><span class="f6 f5-l normal dark-gray mb0 mt1 lh-title">Pringles Potato Crisps Chips, Lunch Snacks, On The Go Snacks, Sour Cream and Onion, 5.5 Oz, Can</span></span><div class="mt2 flex items-center"><span class="black inline-flex mr1"><i class="ld ld-StarFill" style="font-size: 12px; vertical-align: -0.175em;" aria-hidden="true"></i><i class="ld ld-StarFill" style="font-size: 12px; vertical-align: -0.175em;" aria-hidden="true"></i><i class="ld ld-StarFill" style="font-size: 12px; vertical-align: -0.175em;" aria-hidden="true"></i><i class="ld ld-StarFill" style="font-size: 12px; vertical-align: -0.175em;" aria-hidden="true"></i><i class="ld ld-StarHalf" style="font-size: 12px; vertical-align: -0.175em;" aria-hidden="true"></i></span><span class="sans-serif gray f7" aria-hidden="true">1255</span><span class="w_R">4.3 out of 5 Stars. 1255 reviews</span></div><div class="mv2 flex items-center"><div class="f7 mr1 blue b lh-copy">Save with</div><img loading="lazy" class="pr2 flex" src="//i5.walmartimages.com/dfw/63fd9f59-ac39/29c6759d-7f14-49fa-bd3a-b870eb4fb8fb/v1/wplus-icon-blue.svg" alt="Walmart Plus" width="20" height="20"></div><div class="mt2 mb2"><span class="w_Du w_D0 w_D4 mr1 mt1 ph1">Pickup</span><span class="w_Du w_D0 w_D4 mr1 mt1 ph1">Delivery</span></div></div></div></div></div></div><div class="mb1 ph1 pa0-xl bb b--near-white w-25"><div class="h-100 pb1-xl pr4-xl pv1 ph1"><div data-item-id="5MZ5JGPEUT6P" data-ad-component-type="wpa-tile" class="sans-serif mid-gray relative flex flex-column w-100 "><a link-identifier="15580719" href="https://wrd.walmart.com/track?rdf=1&amp;adUid=5ae56148-c483-4d5e-8947-a05ac6c558ca&amp;plmt=sp-browse-middle~desktop~&amp;tax=976759_976787_1001390&amp;pltfm=desktop&amp;eventST=click&amp;pgId=976759_976787_1001390&amp;spQs=9ZIncgWlj4GxdNFu-lsb378W0IFT28S_DT56n1Ge8Pzl7Vdo4qqaTD81C-0k7T7yRQnWo20jpESgKVBul9HX6Ekw5izqrcFMaFwMIpTBv2pjLGOZ8k74fvX0mpZM4QDQDNPyxJM3D4DT3GxGU7yGx14VbjlQ_-FUmqVyyiqHIIo&amp;storeId=3081&amp;pt=browse&amp;pos=32&amp;bt=1&amp;mloc=sp-browse-middle&amp;bkt=2478&amp;rd=https%3A%2F%2Fwww.walmart.com%2Fip%2FBugles-Crispy-Corn-Snacks-Original-Flavor-Family-Size-Snack-Bag-14-5-oz%2F15580719&amp;/ip/Bugles-Crispy-Corn-Snacks-Original-Flavor-Family-Size-Snack-Bag-14-5-oz/15580719" class="absolute w-100 h-100 z-1"><span class="w_R">Bugles Crispy Corn Snacks, Original Flavor, Family Size Snack Bag, 14.5 oz </span></a><div class="" data-testid="list-view"><div class=""><div class="h2 relative mb2"></div><div class="relative"><div class="relative overflow-hidden" style="max-width: 290px; height: 0px; padding-bottom: min(290px, 100%); align-self: center; width: min(290px, 100%);"><img loading="lazy" srcset="https://i5.walmartimages.com/asr/cd5f2fdb-476d-4646-97f2-22dcea2e2ea4.a1644c078f0936eaba8898b4b98af6f0.jpeg?odnHeight=290&amp;odnWidth=290&amp;odnBg=FFFFFF 1x, https://i5.walmartimages.com/asr/cd5f2fdb-476d-4646-97f2-22dcea2e2ea4.a1644c078f0936eaba8898b4b98af6f0.jpeg?odnHeight=580&amp;odnWidth=580&amp;odnBg=FFFFFF 2x" class="absolute top-0 left-0" data-testid="productTileImage" alt="" src="https://i5.walmartimages.com/asr/cd5f2fdb-476d-4646-97f2-22dcea2e2ea4.a1644c078f0936eaba8898b4b98af6f0.jpeg?odnHeight=580&amp;odnWidth=580&amp;odnBg=FFFFFF" width="" height=""></div><div class="z-2 absolute bottom--1"><div class="dib relative"><button class="w_AP w_AR w_AW pointer bn bg-blue hover-bg-dark-blue white sans-serif b w-auto ph2 flex items-center justify-center shadow-1" type="button" aria-label="Add to cart - Bugles Crispy Corn Snacks, Original Flavor, Family Size Snack Bag, 14.5 oz"><i class="ld ld-Plus" style="font-size: 1.5rem; vertical-align: -0.25em;" title="add to cart"></i><span class="mr2">Add</span></button></div></div></div><div class="mt5 mb1" style="height: 24px;" data-testid="variant-5MZ5JGPEUT6P"><div class="flex items-center lh-title h2-l normal"><span class="gray f7">Sponsored</span></div></div></div><div class=""><div class="flex flex-wrap justify-start items-center lh-title mb2 mb1-m"><div class="b black f5 mr1 mr2-xl lh-copy f4-l" aria-hidden="true">$3.53</div><span class="w_R">current price $3.53</span><div class="f7 f6-l gray mr1">24.3 ¢/oz</div></div><span class="w_N" style="-webkit-line-clamp: 3; padding-bottom: 0em; margin-bottom: 0em;"><span class="f6 f5-l normal dark-gray mb0 mt1 lh-title">Bugles Crispy Corn Snacks, Original Flavor, Family Size Snack Bag, 14.5 oz</span></span><div class="mt2 flex items-center"><span class="black inline-flex mr1"><i class="ld ld-StarFill" style="font-size: 12px; vertical-align: -0.175em;" aria-hidden="true"></i><i class="ld ld-StarFill" style="font-size: 12px; vertical-align: -0.175em;" aria-hidden="true"></i><i class="ld ld-StarFill" style="font-size: 12px; vertical-align: -0.175em;" aria-hidden="true"></i><i class="ld ld-StarFill" style="font-size: 12px; vertical-align: -0.175em;" aria-hidden="true"></i><i class="ld ld-StarHalf" style="font-size: 12px; vertical-align: -0.175em;" aria-hidden="true"></i></span><span class="sans-serif gray f7" aria-hidden="true">467</span><span class="w_R">4.5 out of 5 Stars. 467 reviews</span></div><div class="mv2 flex items-center"><div class="f7 mr1 blue b lh-copy">Save with</div><img loading="lazy" class="pr2 flex" src="//i5.walmartimages.com/dfw/63fd9f59-ac39/29c6759d-7f14-49fa-bd3a-b870eb4fb8fb/v1/wplus-icon-blue.svg" alt="Walmart Plus" width="20" height="20"></div><div class="mt2 mb2"><span class="w_Du w_D0 w_D4 mr1 mt1 ph1">Pickup</span><span class="w_Du w_D0 w_D4 mr1 mt1 ph1">Delivery</span><span class="w_Du w_D0 w_D4 mr1 mt1 ph1">1-day shipping</span></div></div></div></div></div></div><div class="mb1 ph1 pa0-xl bb b--near-white w-25"><div class="h-100 pb1-xl pr4-xl pv1 ph1"><div data-item-id="1U9IMYYMRH65" class="sans-serif mid-gray relative flex flex-column w-100 "><a link-identifier="33282303" class="absolute w-100 h-100 z-1" href="/ip/Lay-s-Classic-Potato-Chips-8-oz-Bag/33282303"><span class="w_R">Lay's Classic Potato Chips, 8 oz Bag </span></a><div class="" data-testid="list-view"><div class=""><div class="h2 relative mb2"></div><div class="relative"><div class="relative overflow-hidden" style="max-width: 290px; height: 0px; padding-bottom: min(290px, 100%); align-self: center; width: min(290px, 100%);"><img loading="lazy" srcset="https://i5.walmartimages.com/asr/dccc33c3-c164-47de-b64c-bba21422ed39.950163afc5eba63e66eb67a67a215949.jpeg?odnHeight=290&amp;odnWidth=290&amp;odnBg=FFFFFF 1x, https://i5.walmartimages.com/asr/dccc33c3-c164-47de-b64c-bba21422ed39.950163afc5eba63e66eb67a67a215949.jpeg?odnHeight=580&amp;odnWidth=580&amp;odnBg=FFFFFF 2x" class="absolute top-0 left-0" data-testid="productTileImage" alt="" src="https://i5.walmartimages.com/asr/dccc33c3-c164-47de-b64c-bba21422ed39.950163afc5eba63e66eb67a67a215949.jpeg?odnHeight=580&amp;odnWidth=580&amp;odnBg=FFFFFF" width="" height=""></div><div class="z-2 absolute bottom--1"><div class="dib relative"><button class="w_AP w_AR w_AW pointer bn bg-blue hover-bg-dark-blue white sans-serif b w-auto ph2 flex items-center justify-center shadow-1" type="button" aria-label="Add to cart - Lay's Classic Potato Chips, 8 oz Bag"><i class="ld ld-Plus" style="font-size: 1.5rem; vertical-align: -0.25em;" title="add to cart"></i><span class="mr2">Add</span></button></div></div></div><div class="mt5 mb1" style="height: 24px;" data-testid="variant-1U9IMYYMRH65"></div></div><div class=""><div class="flex flex-wrap justify-start items-center lh-title mb2 mb1-m"><div class="b black f5 mr1 mr2-xl lh-copy f4-l" aria-hidden="true">$2.98</div><span class="w_R">current price $2.98</span><div class="f7 f6-l gray mr1">37.3 ¢/oz</div></div><span class="w_N" style="-webkit-line-clamp: 3; padding-bottom: 0em; margin-bottom: 0em;"><span class="f6 f5-l normal dark-gray mb0 mt1 lh-title">Lay's Classic Potato Chips, 8 oz Bag</span></span><div class="mt2 flex items-center"><span class="black inline-flex mr1"><i class="ld ld-StarFill" style="font-size: 12px; vertical-align: -0.175em;" aria-hidden="true"></i><i class="ld ld-StarFill" style="font-size: 12px; vertical-align: -0.175em;" aria-hidden="true"></i><i class="ld ld-StarFill" style="font-size: 12px; vertical-align: -0.175em;" aria-hidden="true"></i><i class="ld ld-StarFill" style="font-size: 12px; vertical-align: -0.175em;" aria-hidden="true"></i><i class="ld ld-StarHalf" style="font-size: 12px; vertical-align: -0.175em;" aria-hidden="true"></i></span><span class="sans-serif gray f7" aria-hidden="true">1181</span><span class="w_R">4.5 out of 5 Stars. 1181 reviews</span></div><div class="mv2 flex items-center"><div class="f7 mr1 blue b lh-copy">Save with</div><img loading="lazy" class="pr2 flex" src="//i5.walmartimages.com/dfw/63fd9f59-ac39/29c6759d-7f14-49fa-bd3a-b870eb4fb8fb/v1/wplus-icon-blue.svg" alt="Walmart Plus" width="20" height="20"></div><div class="mt2 mb2"><span class="w_Du w_D0 w_D4 mr1 mt1 ph1">Pickup</span><span class="w_Du w_D0 w_D4 mr1 mt1 ph1">Delivery</span></div></div></div></div></div></div><div class="mb1 ph1 pa0-xl bb b--near-white w-25"><div class="h-100 pb1-xl pr4-xl pv1 ph1"><div data-item-id="1PIPN02OMZ7S" class="sans-serif mid-gray relative flex flex-column w-100 "><a link-identifier="255598317" class="absolute w-100 h-100 z-1" href="/ip/Doritos-Spicy-Sweet-Chili-Flavored-Tortilla-Chips-9-25-oz-Bag/255598317"><span class="w_R">Doritos Spicy Sweet Chili Flavored Tortilla Chips, 9.25 oz Bag </span></a><div class="" data-testid="list-view"><div class=""><div class="h2 relative mb2"></div><div class="relative"><div class="relative overflow-hidden" style="max-width: 290px; height: 0px; padding-bottom: min(290px, 100%); align-self: center; width: min(290px, 100%);"><img loading="lazy" srcset="https://i5.walmartimages.com/asr/728c32a6-1fd4-4e0e-8d57-3a0ad4b087bf.214993b6336787ba915a818ab9436f26.jpeg?odnHeight=290&amp;odnWidth=290&amp;odnBg=FFFFFF 1x, https://i5.walmartimages.com/asr/728c32a6-1fd4-4e0e-8d57-3a0ad4b087bf.214993b6336787ba915a818ab9436f26.jpeg?odnHeight=580&amp;odnWidth=580&amp;odnBg=FFFFFF 2x" class="absolute top-0 left-0" data-testid="productTileImage" alt="" src="https://i5.walmartimages.com/asr/728c32a6-1fd4-4e0e-8d57-3a0ad4b087bf.214993b6336787ba915a818ab9436f26.jpeg?odnHeight=580&amp;odnWidth=580&amp;odnBg=FFFFFF" width="" height=""></div><div class="z-2 absolute bottom--1"><div class="dib relative"><button class="w_AP w_AR w_AW pointer bn bg-blue hover-bg-dark-blue white sans-serif b w-auto ph2 flex items-center justify-center shadow-1" type="button" aria-label="Add to cart - Doritos Spicy Sweet Chili Flavored Tortilla Chips, 9.25 oz Bag"><i class="ld ld-Plus" style="font-size: 1.5rem; vertical-align: -0.25em;" title="add to cart"></i><span class="mr2">Add</span></button></div></div></div><div class="mt5 mb1" style="height: 24px;" data-testid="variant-1PIPN02OMZ7S"></div></div><div class=""><div class="flex flex-wrap justify-start items-center lh-title mb2 mb1-m"><div class="b black f5 mr1 mr2-xl lh-copy f4-l" aria-hidden="true">$3.00</div><span class="w_R">current price $3.00</span><div class="f7 f6-l gray mr1">32.4 ¢/oz</div></div><span class="w_N" style="-webkit-line-clamp: 3; padding-bottom: 0em; margin-bottom: 0em;"><span class="f6 f5-l normal dark-gray mb0 mt1 lh-title">Doritos Spicy Sweet Chili Flavored Tortilla Chips, 9.25 oz Bag</span></span><div class="mt2 flex items-center"><span class="black inline-flex mr1"><i class="ld ld-StarFill" style="font-size: 12px; vertical-align: -0.175em;" aria-hidden="true"></i><i class="ld ld-StarFill" style="font-size: 12px; vertical-align: -0.175em;" aria-hidden="true"></i><i class="ld ld-StarFill" style="font-size: 12px; vertical-align: -0.175em;" aria-hidden="true"></i><i class="ld ld-StarHalf" style="font-size: 12px; vertical-align: -0.175em;" aria-hidden="true"></i><i class="ld ld-Star" style="font-size: 12px; vertical-align: -0.175em;" aria-hidden="true"></i></span><span class="sans-serif gray f7" aria-hidden="true">88</span><span class="w_R">3.5 out of 5 Stars. 88 reviews</span></div><div class="mv2 flex items-center"><div class="f7 mr1 blue b lh-copy">Save with</div><img loading="lazy" class="pr2 flex" src="//i5.walmartimages.com/dfw/63fd9f59-ac39/29c6759d-7f14-49fa-bd3a-b870eb4fb8fb/v1/wplus-icon-blue.svg" alt="Walmart Plus" width="20" height="20"></div><div class="mt2 mb2"><span class="w_Du w_D0 w_D4 mr1 mt1 ph1">Pickup</span><span class="w_Du w_D0 w_D4 mr1 mt1 ph1">Delivery</span><span class="w_Du w_D0 w_D4 mr1 mt1 ph1">1-day shipping</span></div></div></div></div></div></div><div class="mb1 ph1 pa0-xl bb b--near-white w-25"><div class="h-100 pb1-xl pr4-xl pv1 ph1"><div data-item-id="7IL6YPX0L6O7" class="sans-serif mid-gray relative flex flex-column w-100 "><a link-identifier="204384188" class="absolute w-100 h-100 z-1" href="/ip/Frito-Lay-Flavor-Mix-Chips-and-Snacks-Variety-Package-41-375-oz-42-Count/204384188"><span class="w_R">Frito Lay Flavor Mix Chips and Snacks Variety Package 41.375 oz 42 Count </span></a><div class="" data-testid="list-view"><div class=""><div class="h2 relative mb2"></div><div class="relative"><div class="relative overflow-hidden" style="max-width: 290px; height: 0px; padding-bottom: min(290px, 100%); align-self: center; width: min(290px, 100%);"><img loading="lazy" srcset="https://i5.walmartimages.com/asr/bfcd67ae-4b8f-491a-9b68-f9578acfff7b.cb4980404624b37f16f920032511d021.jpeg?odnHeight=290&amp;odnWidth=290&amp;odnBg=FFFFFF 1x, https://i5.walmartimages.com/asr/bfcd67ae-4b8f-491a-9b68-f9578acfff7b.cb4980404624b37f16f920032511d021.jpeg?odnHeight=580&amp;odnWidth=580&amp;odnBg=FFFFFF 2x" class="absolute top-0 left-0" data-testid="productTileImage" alt="" src="https://i5.walmartimages.com/asr/bfcd67ae-4b8f-491a-9b68-f9578acfff7b.cb4980404624b37f16f920032511d021.jpeg?odnHeight=580&amp;odnWidth=580&amp;odnBg=FFFFFF" width="" height=""></div><div class="z-2 absolute bottom--1"><div class="dib relative"><button class="w_AP w_AR w_AW pointer bn bg-blue hover-bg-dark-blue white sans-serif b w-auto ph2 flex items-center justify-center shadow-1" type="button" aria-label="Add to cart - Frito Lay Flavor Mix Chips and Snacks Variety Package 41.375 oz 42 Count"><i class="ld ld-Plus" style="font-size: 1.5rem; vertical-align: -0.25em;" title="add to cart"></i><span class="mr2">Add</span></button></div></div></div><div class="mt5 mb1" style="height: 24px;" data-testid="variant-7IL6YPX0L6O7"></div></div><div class=""><div class="flex flex-wrap justify-start items-center lh-title mb2 mb1-m"><div class="b black f5 mr1 mr2-xl lh-copy f4-l" aria-hidden="true">$33.69</div><span class="w_R">current price $33.69</span></div><span class="w_N" style="-webkit-line-clamp: 3; padding-bottom: 0em; margin-bottom: 0em;"><span class="f6 f5-l normal dark-gray mb0 mt1 lh-title">Frito Lay Flavor Mix Chips and Snacks Variety Package 41.375 oz 42 Count</span></span><div class="mt2 flex items-center"><span class="black inline-flex mr1"><i class="ld ld-StarFill" style="font-size: 12px; vertical-align: -0.175em;" aria-hidden="true"></i><i class="ld ld-StarFill" style="font-size: 12px; vertical-align: -0.175em;" aria-hidden="true"></i><i class="ld ld-StarFill" style="font-size: 12px; vertical-align: -0.175em;" aria-hidden="true"></i><i class="ld ld-StarFill" style="font-size: 12px; vertical-align: -0.175em;" aria-hidden="true"></i><i class="ld ld-StarHalf" style="font-size: 12px; vertical-align: -0.175em;" aria-hidden="true"></i></span><span class="sans-serif gray f7" aria-hidden="true">229</span><span class="w_R">4.3 out of 5 Stars. 229 reviews</span></div><div class="mt2 mb2"><span class="w_Du w_D0 w_D4 mr1 mt1 ph1">3+ day shipping</span></div></div></div></div></div></div><div class="mb1 ph1 pa0-xl bb b--near-white w-25"><div class="h-100 pb1-xl pr4-xl pv1 ph1"><div data-item-id="2DFNB5GMWA0N" class="sans-serif mid-gray relative flex flex-column w-100 "><a link-identifier="49909662" class="absolute w-100 h-100 z-1" href="/ip/Fritos-Chili-Cheese-Corn-Chips-9-25-Oz/49909662?athbdg=L1300"><span class="w_R">Fritos Chili Cheese Corn Chips, 9.25 Oz. </span></a><div class="" data-testid="list-view"><div class=""><div class="h2 relative mb2"><span class="w_Du w_Dx w_D3 absolute">Rollback</span></div><div class="relative"><div class="relative overflow-hidden" style="max-width: 290px; height: 0px; padding-bottom: min(290px, 100%); align-self: center; width: min(290px, 100%);"><img loading="lazy" srcset="https://i5.walmartimages.com/asr/03664882-5f74-4adb-9938-c661bb4ab792_1.d8f81350cc6f9c66af60d60d01b83f39.jpeg?odnHeight=290&amp;odnWidth=290&amp;odnBg=FFFFFF 1x, https://i5.walmartimages.com/asr/03664882-5f74-4adb-9938-c661bb4ab792_1.d8f81350cc6f9c66af60d60d01b83f39.jpeg?odnHeight=580&amp;odnWidth=580&amp;odnBg=FFFFFF 2x" class="absolute top-0 left-0" data-testid="productTileImage" alt="" src="https://i5.walmartimages.com/asr/03664882-5f74-4adb-9938-c661bb4ab792_1.d8f81350cc6f9c66af60d60d01b83f39.jpeg?odnHeight=580&amp;odnWidth=580&amp;odnBg=FFFFFF" width="" height=""></div><div class="z-2 absolute bottom--1"><div class="dib relative"><button class="w_AP w_AR w_AW pointer bn bg-blue hover-bg-dark-blue white sans-serif b w-auto ph2 flex items-center justify-center shadow-1" type="button" aria-label="Add to cart - Fritos Chili Cheese Corn Chips, 9.25 Oz."><i class="ld ld-Plus" style="font-size: 1.5rem; vertical-align: -0.25em;" title="add to cart"></i><span class="mr2">Add</span></button></div></div></div><div class="mt5 mb1" style="height: 24px;" data-testid="variant-2DFNB5GMWA0N"></div></div><div class=""><div class="flex flex-wrap justify-start items-center lh-title mb2 mb1-m"><div class="b black f5 mr1 mr2-xl lh-copy f4-l" aria-hidden="true">$3.00</div><span class="w_R">current price $3.00</span><div class="f7 f6-l strike gray mr3" aria-hidden="true">$3.48</div><span class="w_R">was $3.48</span><div class="f7 f6-l gray mr1">32.4 ¢/oz</div></div><span class="w_N" style="-webkit-line-clamp: 3; padding-bottom: 0em; margin-bottom: 0em;"><span class="f6 f5-l normal dark-gray mb0 mt1 lh-title">Fritos Chili Cheese Corn Chips, 9.25 Oz.</span></span><div class="mt2 flex items-center"><span class="black inline-flex mr1"><i class="ld ld-StarFill" style="font-size: 12px; vertical-align: -0.175em;" aria-hidden="true"></i><i class="ld ld-StarFill" style="font-size: 12px; vertical-align: -0.175em;" aria-hidden="true"></i><i class="ld ld-StarFill" style="font-size: 12px; vertical-align: -0.175em;" aria-hidden="true"></i><i class="ld ld-StarFill" style="font-size: 12px; vertical-align: -0.175em;" aria-hidden="true"></i><i class="ld ld-StarHalf" style="font-size: 12px; vertical-align: -0.175em;" aria-hidden="true"></i></span><span class="sans-serif gray f7" aria-hidden="true">403</span><span class="w_R">4.6 out of 5 Stars. 403 reviews</span></div><div class="mv2 flex items-center"><div class="f7 mr1 blue b lh-copy">Save with</div><img loading="lazy" class="pr2 flex" src="//i5.walmartimages.com/dfw/63fd9f59-ac39/29c6759d-7f14-49fa-bd3a-b870eb4fb8fb/v1/wplus-icon-blue.svg" alt="Walmart Plus" width="20" height="20"></div><div class="mt2 mb2"><span class="w_Du w_D0 w_D4 mr1 mt1 ph1">Pickup</span><span class="w_Du w_D0 w_D4 mr1 mt1 ph1">Delivery</span><span class="w_Du w_D0 w_D4 mr1 mt1 ph1">1-day shipping</span></div></div></div></div></div></div><div class="mb1 ph1 pa0-xl bb b--near-white w-25"><div class="h-100 pb1-xl pr4-xl pv1 ph1"><div data-item-id="5N8XX3L02IX1" class="sans-serif mid-gray relative flex flex-column w-100 "><a link-identifier="49909689" class="absolute w-100 h-100 z-1" href="/ip/Cheetos-Crunchy-Flamin-Hot-Cheese-Flavored-Snacks-8-5-oz-Bag/49909689"><span class="w_R">Cheetos Crunchy Flamin' Hot Cheese Flavored Snacks, 8.5 oz Bag </span></a><div class="" data-testid="list-view"><div class=""><div class="h2 relative mb2"></div><div class="relative"><div class="relative overflow-hidden" style="max-width: 290px; height: 0px; padding-bottom: min(290px, 100%); align-self: center; width: min(290px, 100%);"><img loading="lazy" srcset="https://i5.walmartimages.com/asr/e90988c3-5fdf-406d-821d-f5d58c6e4fdb.4a88e175da2a1564833ff5c46df039e3.jpeg?odnHeight=290&amp;odnWidth=290&amp;odnBg=FFFFFF 1x, https://i5.walmartimages.com/asr/e90988c3-5fdf-406d-821d-f5d58c6e4fdb.4a88e175da2a1564833ff5c46df039e3.jpeg?odnHeight=580&amp;odnWidth=580&amp;odnBg=FFFFFF 2x" class="absolute top-0 left-0" data-testid="productTileImage" alt="" src="https://i5.walmartimages.com/asr/e90988c3-5fdf-406d-821d-f5d58c6e4fdb.4a88e175da2a1564833ff5c46df039e3.jpeg?odnHeight=580&amp;odnWidth=580&amp;odnBg=FFFFFF" width="" height=""></div><div class="z-2 absolute bottom--1"><div class="dib relative"><button class="w_AP w_AR w_AW pointer bn bg-blue hover-bg-dark-blue white sans-serif b w-auto ph2 flex items-center justify-center shadow-1" type="button" aria-label="Add to cart - Cheetos Crunchy Flamin' Hot Cheese Flavored Snacks, 8.5 oz Bag"><i class="ld ld-Plus" style="font-size: 1.5rem; vertical-align: -0.25em;" title="add to cart"></i><span class="mr2">Add</span></button></div></div></div><div class="mt5 mb1" style="height: 24px;" data-testid="variant-5N8XX3L02IX1"></div></div><div class=""><div class="flex flex-wrap justify-start items-center lh-title mb2 mb1-m"><div class="b black f5 mr1 mr2-xl lh-copy f4-l" aria-hidden="true">$3.48</div><span class="w_R">current price $3.48</span><div class="f7 f6-l gray mr1">40.9 ¢/oz</div></div><span class="w_N" style="-webkit-line-clamp: 3; padding-bottom: 0em; margin-bottom: 0em;"><span class="f6 f5-l normal dark-gray mb0 mt1 lh-title">Cheetos Crunchy Flamin' Hot Cheese Flavored Snacks, 8.5 oz Bag</span></span><div class="mt2 flex items-center"><span class="black inline-flex mr1"><i class="ld ld-StarFill" style="font-size: 12px; vertical-align: -0.175em;" aria-hidden="true"></i><i class="ld ld-StarFill" style="font-size: 12px; vertical-align: -0.175em;" aria-hidden="true"></i><i class="ld ld-StarFill" style="font-size: 12px; vertical-align: -0.175em;" aria-hidden="true"></i><i class="ld ld-StarFill" style="font-size: 12px; vertical-align: -0.175em;" aria-hidden="true"></i><i class="ld ld-StarHalf" style="font-size: 12px; vertical-align: -0.175em;" aria-hidden="true"></i></span><span class="sans-serif gray f7" aria-hidden="true">390</span><span class="w_R">4.7 out of 5 Stars. 390 reviews</span></div><div class="mv2 flex items-center"><div class="f7 mr1 blue b lh-copy">Save with</div><img loading="lazy" class="pr2 flex" src="//i5.walmartimages.com/dfw/63fd9f59-ac39/29c6759d-7f14-49fa-bd3a-b870eb4fb8fb/v1/wplus-icon-blue.svg" alt="Walmart Plus" width="20" height="20"></div><div class="mt2 mb2"><span class="w_Du w_D0 w_D4 mr1 mt1 ph1">Pickup</span><span class="w_Du w_D0 w_D4 mr1 mt1 ph1">Delivery</span><span class="w_Du w_D0 w_D4 mr1 mt1 ph1">1-day shipping</span></div></div></div></div></div></div><div class="mb1 ph1 pa0-xl bb b--near-white w-25"><div class="h-100 pb1-xl pr4-xl pv1 ph1"><div data-item-id="1OO8EWLJ38CQ" class="sans-serif mid-gray relative flex flex-column w-100 "><a link-identifier="50003598" class="absolute w-100 h-100 z-1" href="/ip/Great-Value-Lightly-Salted-Restaurant-Style-White-Corn-Tortilla-Chips-13-oz/50003598"><span class="w_R">Great Value Lightly Salted Restaurant Style White Corn Tortilla Chips, 13 oz </span></a><div class="" data-testid="list-view"><div class=""><div class="h2 relative mb2"></div><div class="relative"><div class="relative overflow-hidden" style="max-width: 290px; height: 0px; padding-bottom: min(290px, 100%); align-self: center; width: min(290px, 100%);"><img loading="lazy" srcset="https://i5.walmartimages.com/asr/37816a6b-b4fd-40bd-8a6e-3105e3677ec3.478c44ec9862d50ae921594556d882bd.jpeg?odnHeight=290&amp;odnWidth=290&amp;odnBg=FFFFFF 1x, https://i5.walmartimages.com/asr/37816a6b-b4fd-40bd-8a6e-3105e3677ec3.478c44ec9862d50ae921594556d882bd.jpeg?odnHeight=580&amp;odnWidth=580&amp;odnBg=FFFFFF 2x" class="absolute top-0 left-0" data-testid="productTileImage" alt="" src="https://i5.walmartimages.com/asr/37816a6b-b4fd-40bd-8a6e-3105e3677ec3.478c44ec9862d50ae921594556d882bd.jpeg?odnHeight=580&amp;odnWidth=580&amp;odnBg=FFFFFF" width="" height=""></div><div class="z-2 absolute bottom--1"><div class="dib relative"><button class="w_AP w_AR w_AW pointer bn bg-blue hover-bg-dark-blue white sans-serif b w-auto ph2 flex items-center justify-center shadow-1" type="button" aria-label="Add to cart - Great Value Lightly Salted Restaurant Style White Corn Tortilla Chips, 13 oz"><i class="ld ld-Plus" style="font-size: 1.5rem; vertical-align: -0.25em;" title="add to cart"></i><span class="mr2">Add</span></button></div></div></div><div class="mt5 mb1" style="height: 24px;" data-testid="variant-1OO8EWLJ38CQ"></div></div><div class=""><div class="flex flex-wrap justify-start items-center lh-title mb2 mb1-m"><div class="b black f5 mr1 mr2-xl lh-copy f4-l" aria-hidden="true">$1.74</div><span class="w_R">current price $1.74</span><div class="f7 f6-l strike gray mr3" aria-hidden="true">$1.98</div><span class="w_R">was $1.98</span><div class="f7 f6-l gray mr1">13.4 ¢/oz</div></div><span class="w_N" style="-webkit-line-clamp: 3; padding-bottom: 0em; margin-bottom: 0em;"><span class="f6 f5-l normal dark-gray mb0 mt1 lh-title">Great Value Lightly Salted Restaurant Style White Corn Tortilla Chips, 13 oz</span></span><div class="mt2 flex items-center"><span class="black inline-flex mr1"><i class="ld ld-StarFill" style="font-size: 12px; vertical-align: -0.175em;" aria-hidden="true"></i><i class="ld ld-StarFill" style="font-size: 12px; vertical-align: -0.175em;" aria-hidden="true"></i><i class="ld ld-StarFill" style="font-size: 12px; vertical-align: -0.175em;" aria-hidden="true"></i><i class="ld ld-StarFill" style="font-size: 12px; vertical-align: -0.175em;" aria-hidden="true"></i><i class="ld ld-StarHalf" style="font-size: 12px; vertical-align: -0.175em;" aria-hidden="true"></i></span><span class="sans-serif gray f7" aria-hidden="true">449</span><span class="w_R">4.3 out of 5 Stars. 449 reviews</span></div><div class="mv2 flex items-center"><div class="f7 mr1 blue b lh-copy">Save with</div><img loading="lazy" class="pr2 flex" src="//i5.walmartimages.com/dfw/63fd9f59-ac39/29c6759d-7f14-49fa-bd3a-b870eb4fb8fb/v1/wplus-icon-blue.svg" alt="Walmart Plus" width="20" height="20"></div><div class="mt2 mb2"><span class="w_Du w_D0 w_D4 mr1 mt1 ph1">Pickup</span><span class="w_Du w_D0 w_D4 mr1 mt1 ph1">Delivery</span><span class="w_Du w_D0 w_D4 mr1 mt1 ph1">1-day shipping</span></div></div></div></div></div></div><div class="mb1 ph1 pa0-xl bb b--near-white w-25"><div class="h-100 pb1-xl pr4-xl pv1 ph1"><div data-item-id="5BGL4T67T1TG" class="sans-serif mid-gray relative flex flex-column w-100 "><a link-identifier="10900063" class="absolute w-100 h-100 z-1" href="/ip/ROLD-GOLD-Tiny-Pretzel-Twists-16-Oz/10900063?athbdg=L1600"><span class="w_R">ROLD GOLD Tiny Pretzel Twists, 16 Oz </span></a><div class="" data-testid="list-view"><div class=""><div class="h2 relative mb2"><span class="w_Du w_D0 w_D3 absolute">Best seller</span></div><div class="relative"><div class="relative overflow-hidden" style="max-width: 290px; height: 0px; padding-bottom: min(290px, 100%); align-self: center; width: min(290px, 100%);"><img loading="lazy" srcset="https://i5.walmartimages.com/asr/ed2332de-9a18-4ffa-8721-54f74071ed52_1.66eb06234341220ce87321a9acf41603.jpeg?odnHeight=290&amp;odnWidth=290&amp;odnBg=FFFFFF 1x, https://i5.walmartimages.com/asr/ed2332de-9a18-4ffa-8721-54f74071ed52_1.66eb06234341220ce87321a9acf41603.jpeg?odnHeight=580&amp;odnWidth=580&amp;odnBg=FFFFFF 2x" class="absolute top-0 left-0" data-testid="productTileImage" alt="" src="https://i5.walmartimages.com/asr/ed2332de-9a18-4ffa-8721-54f74071ed52_1.66eb06234341220ce87321a9acf41603.jpeg?odnHeight=580&amp;odnWidth=580&amp;odnBg=FFFFFF" width="" height=""></div><div class="z-2 absolute bottom--1"><div class="dib relative"><button class="w_AP w_AR w_AW pointer bn bg-blue hover-bg-dark-blue white sans-serif b w-auto ph2 flex items-center justify-center shadow-1" type="button" aria-label="Add to cart - ROLD GOLD Tiny Pretzel Twists, 16 Oz"><i class="ld ld-Plus" style="font-size: 1.5rem; vertical-align: -0.25em;" title="add to cart"></i><span class="mr2">Add</span></button></div></div></div><div class="mt5 mb1" style="height: 24px;" data-testid="variant-5BGL4T67T1TG"></div></div><div class=""><div class="flex flex-wrap justify-start items-center lh-title mb2 mb1-m"><div class="b black f5 mr1 mr2-xl lh-copy f4-l" aria-hidden="true">$2.98</div><span class="w_R">current price $2.98</span><div class="f7 f6-l gray mr1">18.6 ¢/oz</div></div><span class="w_N" style="-webkit-line-clamp: 3; padding-bottom: 0em; margin-bottom: 0em;"><span class="f6 f5-l normal dark-gray mb0 mt1 lh-title">ROLD GOLD Tiny Pretzel Twists, 16 Oz</span></span><div class="mt2 flex items-center"><span class="black inline-flex mr1"><i class="ld ld-StarFill" style="font-size: 12px; vertical-align: -0.175em;" aria-hidden="true"></i><i class="ld ld-StarFill" style="font-size: 12px; vertical-align: -0.175em;" aria-hidden="true"></i><i class="ld ld-StarFill" style="font-size: 12px; vertical-align: -0.175em;" aria-hidden="true"></i><i class="ld ld-StarFill" style="font-size: 12px; vertical-align: -0.175em;" aria-hidden="true"></i><i class="ld ld-StarHalf" style="font-size: 12px; vertical-align: -0.175em;" aria-hidden="true"></i></span><span class="sans-serif gray f7" aria-hidden="true">637</span><span class="w_R">4.5 out of 5 Stars. 637 reviews</span></div><div class="mv2 flex items-center"><div class="f7 mr1 blue b lh-copy">Save with</div><img loading="lazy" class="pr2 flex" src="//i5.walmartimages.com/dfw/63fd9f59-ac39/29c6759d-7f14-49fa-bd3a-b870eb4fb8fb/v1/wplus-icon-blue.svg" alt="Walmart Plus" width="20" height="20"></div><div class="mt2 mb2"><span class="w_Du w_D0 w_D4 mr1 mt1 ph1">Pickup</span><span class="w_Du w_D0 w_D4 mr1 mt1 ph1">Delivery</span><span class="w_Du w_D0 w_D4 mr1 mt1 ph1">1-day shipping</span></div></div></div></div></div></div><div class="mb1 ph1 pa0-xl bb b--near-white w-25"><div class="h-100 pb1-xl pr4-xl pv1 ph1"><div data-item-id="23DGIT1W8HG2" class="sans-serif mid-gray relative flex flex-column w-100 "><a link-identifier="37319722" class="absolute w-100 h-100 z-1" href="/ip/28-oz-Utz-Cheddar-Cheese-Balls-Barrel/37319722?athbdg=L1600"><span class="w_R">28 oz Utz Cheddar Cheese Balls Barrel </span></a><div class="" data-testid="list-view"><div class=""><div class="h2 relative mb2"><span class="w_Du w_D0 w_D3 absolute">Best seller</span></div><div class="relative"><div class="relative overflow-hidden" style="max-width: 290px; height: 0px; padding-bottom: min(290px, 100%); align-self: center; width: min(290px, 100%);"><img loading="lazy" srcset="https://i5.walmartimages.com/asr/8beac0a6-ae97-4b50-9a15-c347ad718ee4.041c16d51f3ba083f3dc9ecbed573c9b.jpeg?odnHeight=290&amp;odnWidth=290&amp;odnBg=FFFFFF 1x, https://i5.walmartimages.com/asr/8beac0a6-ae97-4b50-9a15-c347ad718ee4.041c16d51f3ba083f3dc9ecbed573c9b.jpeg?odnHeight=580&amp;odnWidth=580&amp;odnBg=FFFFFF 2x" class="absolute top-0 left-0" data-testid="productTileImage" alt="" src="https://i5.walmartimages.com/asr/8beac0a6-ae97-4b50-9a15-c347ad718ee4.041c16d51f3ba083f3dc9ecbed573c9b.jpeg?odnHeight=580&amp;odnWidth=580&amp;odnBg=FFFFFF" width="" height=""></div><div class="z-2 absolute bottom--1"><div class="dib relative"><button class="w_AP w_AR w_AW pointer bn bg-blue hover-bg-dark-blue white sans-serif b w-auto ph2 flex items-center justify-center shadow-1" type="button" aria-label="Add to cart - 28 oz Utz Cheddar Cheese Balls Barrel"><i class="ld ld-Plus" style="font-size: 1.5rem; vertical-align: -0.25em;" title="add to cart"></i><span class="mr2">Add</span></button></div></div></div><div class="mt5 mb1" style="height: 24px;" data-testid="variant-23DGIT1W8HG2"></div></div><div class=""><div class="flex flex-wrap justify-start items-center lh-title mb2 mb1-m"><div class="b black f5 mr1 mr2-xl lh-copy f4-l" aria-hidden="true">$6.58</div><span class="w_R">current price $6.58</span><div class="f7 f6-l gray mr1">23.5 ¢/oz</div></div><span class="w_N" style="-webkit-line-clamp: 3; padding-bottom: 0em; margin-bottom: 0em;"><span class="f6 f5-l normal dark-gray mb0 mt1 lh-title">28 oz Utz Cheddar Cheese Balls Barrel</span></span><div class="mt2 flex items-center"><span class="black inline-flex mr1"><i class="ld ld-StarFill" style="font-size: 12px; vertical-align: -0.175em;" aria-hidden="true"></i><i class="ld ld-StarFill" style="font-size: 12px; vertical-align: -0.175em;" aria-hidden="true"></i><i class="ld ld-StarFill" style="font-size: 12px; vertical-align: -0.175em;" aria-hidden="true"></i><i class="ld ld-StarFill" style="font-size: 12px; vertical-align: -0.175em;" aria-hidden="true"></i><i class="ld ld-StarHalf" style="font-size: 12px; vertical-align: -0.175em;" aria-hidden="true"></i></span><span class="sans-serif gray f7" aria-hidden="true">481</span><span class="w_R">4.6 out of 5 Stars. 481 reviews</span></div><div class="mv2 flex items-center"><div class="f7 mr1 blue b lh-copy">Save with</div><img loading="lazy" class="pr2 flex" src="//i5.walmartimages.com/dfw/63fd9f59-ac39/29c6759d-7f14-49fa-bd3a-b870eb4fb8fb/v1/wplus-icon-blue.svg" alt="Walmart Plus" width="20" height="20"></div><div class="mt2 mb2"><span class="w_Du w_D0 w_D4 mr1 mt1 ph1">Pickup</span><span class="w_Du w_D0 w_D4 mr1 mt1 ph1">Delivery</span><span class="w_Du w_D0 w_D4 mr1 mt1 ph1">1-day shipping</span></div></div></div></div></div></div><div class="mb1 ph1 pa0-xl bb b--near-white w-25"><div class="h-100 pb1-xl pr4-xl pv1 ph1"><div data-item-id="1CYHIW5RR2IG" class="sans-serif mid-gray relative flex flex-column w-100 "><a link-identifier="49909660" class="absolute w-100 h-100 z-1" href="/ip/Fritos-Flavor-Twists-Honey-BBQ-Corn-Snacks-9-25-oz-Bag/49909660?athbdg=L1300"><span class="w_R">Fritos Flavor Twists Honey BBQ Corn Snacks, 9.25 oz Bag </span></a><div class="" data-testid="list-view"><div class=""><div class="h2 relative mb2"><span class="w_Du w_Dx w_D3 absolute">Rollback</span></div><div class="relative"><div class="relative overflow-hidden" style="max-width: 290px; height: 0px; padding-bottom: min(290px, 100%); align-self: center; width: min(290px, 100%);"><img loading="lazy" srcset="https://i5.walmartimages.com/asr/81e47bf8-add6-46fe-bb32-f9d104c9716a_1.61da9a23b5d43cdeb67ed713eaa8e9c6.jpeg?odnHeight=290&amp;odnWidth=290&amp;odnBg=FFFFFF 1x, https://i5.walmartimages.com/asr/81e47bf8-add6-46fe-bb32-f9d104c9716a_1.61da9a23b5d43cdeb67ed713eaa8e9c6.jpeg?odnHeight=580&amp;odnWidth=580&amp;odnBg=FFFFFF 2x" class="absolute top-0 left-0" data-testid="productTileImage" alt="" src="https://i5.walmartimages.com/asr/81e47bf8-add6-46fe-bb32-f9d104c9716a_1.61da9a23b5d43cdeb67ed713eaa8e9c6.jpeg?odnHeight=580&amp;odnWidth=580&amp;odnBg=FFFFFF" width="" height=""></div><div class="z-2 absolute bottom--1"><div class="dib relative"><button class="w_AP w_AR w_AW pointer bn bg-blue hover-bg-dark-blue white sans-serif b w-auto ph2 flex items-center justify-center shadow-1" type="button" aria-label="Add to cart - Fritos Flavor Twists Honey BBQ Corn Snacks, 9.25 oz Bag"><i class="ld ld-Plus" style="font-size: 1.5rem; vertical-align: -0.25em;" title="add to cart"></i><span class="mr2">Add</span></button></div></div></div><div class="mt5 mb1" style="height: 24px;" data-testid="variant-1CYHIW5RR2IG"></div></div><div class=""><div class="flex flex-wrap justify-start items-center lh-title mb2 mb1-m"><div class="b black f5 mr1 mr2-xl lh-copy f4-l" aria-hidden="true">$3.00</div><span class="w_R">current price $3.00</span><div class="f7 f6-l strike gray mr3" aria-hidden="true">$3.48</div><span class="w_R">was $3.48</span><div class="f7 f6-l gray mr1">32.4 ¢/oz</div></div><span class="w_N" style="-webkit-line-clamp: 3; padding-bottom: 0em; margin-bottom: 0em;"><span class="f6 f5-l normal dark-gray mb0 mt1 lh-title">Fritos Flavor Twists Honey BBQ Corn Snacks, 9.25 oz Bag</span></span><div class="mt2 flex items-center"><span class="black inline-flex mr1"><i class="ld ld-StarFill" style="font-size: 12px; vertical-align: -0.175em;" aria-hidden="true"></i><i class="ld ld-StarFill" style="font-size: 12px; vertical-align: -0.175em;" aria-hidden="true"></i><i class="ld ld-StarFill" style="font-size: 12px; vertical-align: -0.175em;" aria-hidden="true"></i><i class="ld ld-StarFill" style="font-size: 12px; vertical-align: -0.175em;" aria-hidden="true"></i><i class="ld ld-StarHalf" style="font-size: 12px; vertical-align: -0.175em;" aria-hidden="true"></i></span><span class="sans-serif gray f7" aria-hidden="true">246</span><span class="w_R">4.7 out of 5 Stars. 246 reviews</span></div><div class="mv2 flex items-center"><div class="f7 mr1 blue b lh-copy">Save with</div><img loading="lazy" class="pr2 flex" src="//i5.walmartimages.com/dfw/63fd9f59-ac39/29c6759d-7f14-49fa-bd3a-b870eb4fb8fb/v1/wplus-icon-blue.svg" alt="Walmart Plus" width="20" height="20"></div><div class="mt2 mb2"><span class="w_Du w_D0 w_D4 mr1 mt1 ph1">Pickup</span><span class="w_Du w_D0 w_D4 mr1 mt1 ph1">Delivery</span><span class="w_Du w_D0 w_D4 mr1 mt1 ph1">1-day shipping</span></div></div></div></div></div></div><div class="mb1 ph1 pa0-xl bb b--near-white w-25"><div class="h-100 pb1-xl pr4-xl pv1 ph1"><div data-item-id="1SKEMAHEULZT" class="sans-serif mid-gray relative flex flex-column w-100 "><a link-identifier="786004155" class="absolute w-100 h-100 z-1" href="/ip/Doritos-Nacho-Cheese-Flavored-Tortilla-Chips-9-25-oz-Bag/786004155"><span class="w_R">Doritos Nacho Cheese Flavored Tortilla Chips, 9.25 oz Bag </span></a><div class="" data-testid="list-view"><div class=""><div class="h2 relative mb2"></div><div class="relative"><div class="relative overflow-hidden" style="max-width: 290px; height: 0px; padding-bottom: min(290px, 100%); align-self: center; width: min(290px, 100%);"><img loading="lazy" srcset="https://i5.walmartimages.com/asr/fecf3d38-d919-456b-bfe1-5153abee933d.ad508311cf5621b375ef9c2c00fdd036.jpeg?odnHeight=290&amp;odnWidth=290&amp;odnBg=FFFFFF 1x, https://i5.walmartimages.com/asr/fecf3d38-d919-456b-bfe1-5153abee933d.ad508311cf5621b375ef9c2c00fdd036.jpeg?odnHeight=580&amp;odnWidth=580&amp;odnBg=FFFFFF 2x" class="absolute top-0 left-0" data-testid="productTileImage" alt="" src="https://i5.walmartimages.com/asr/fecf3d38-d919-456b-bfe1-5153abee933d.ad508311cf5621b375ef9c2c00fdd036.jpeg?odnHeight=580&amp;odnWidth=580&amp;odnBg=FFFFFF" width="" height=""></div><div class="z-2 absolute bottom--1"><div class="dib relative"><button class="w_AP w_AR w_AW pointer bn bg-blue hover-bg-dark-blue white sans-serif b w-auto ph2 flex items-center justify-center shadow-1" type="button" aria-label="Add to cart - Doritos Nacho Cheese Flavored Tortilla Chips, 9.25 oz Bag"><i class="ld ld-Plus" style="font-size: 1.5rem; vertical-align: -0.25em;" title="add to cart"></i><span class="mr2">Add</span></button></div></div></div><div class="mt5 mb1" style="height: 24px;" data-testid="variant-1SKEMAHEULZT"></div></div><div class=""><div class="flex flex-wrap justify-start items-center lh-title mb2 mb1-m"><div class="b black f5 mr1 mr2-xl lh-copy f4-l" aria-hidden="true">$3.48</div><span class="w_R">current price $3.48</span><div class="f7 f6-l gray mr1">37.4 ¢/oz</div></div><span class="w_N" style="-webkit-line-clamp: 3; padding-bottom: 0em; margin-bottom: 0em;"><span class="f6 f5-l normal dark-gray mb0 mt1 lh-title">Doritos Nacho Cheese Flavored Tortilla Chips, 9.25 oz Bag</span></span><div class="mt2 flex items-center"><span class="black inline-flex mr1"><i class="ld ld-StarFill" style="font-size: 12px; vertical-align: -0.175em;" aria-hidden="true"></i><i class="ld ld-StarFill" style="font-size: 12px; vertical-align: -0.175em;" aria-hidden="true"></i><i class="ld ld-StarFill" style="font-size: 12px; vertical-align: -0.175em;" aria-hidden="true"></i><i class="ld ld-StarFill" style="font-size: 12px; vertical-align: -0.175em;" aria-hidden="true"></i><i class="ld ld-StarHalf" style="font-size: 12px; vertical-align: -0.175em;" aria-hidden="true"></i></span><span class="sans-serif gray f7" aria-hidden="true">116</span><span class="w_R">4.3 out of 5 Stars. 116 reviews</span></div><div class="mv2 flex items-center"><div class="f7 mr1 blue b lh-copy">Save with</div><img loading="lazy" class="pr2 flex" src="//i5.walmartimages.com/dfw/63fd9f59-ac39/29c6759d-7f14-49fa-bd3a-b870eb4fb8fb/v1/wplus-icon-blue.svg" alt="Walmart Plus" width="20" height="20"></div><div class="mt2 mb2"><span class="w_Du w_D0 w_D4 mr1 mt1 ph1">Pickup</span><span class="w_Du w_D0 w_D4 mr1 mt1 ph1">Delivery</span></div></div></div></div></div></div><div class="mb1 ph1 pa0-xl bb b--near-white w-25 pb1-xl"><div class="h-100 pb1-xl pr4-xl pv1 ph1"><div data-item-id="30NZ0BEVU9O9" class="sans-serif mid-gray relative flex flex-column w-100 "><a link-identifier="484555703" class="absolute w-100 h-100 z-1" href="/ip/Great-Value-Original-Rippled-Potato-Chips-Party-Size-13-5-oz/484555703"><span class="w_R">Great Value Original Rippled Potato Chips Party Size!, 13.5 oz </span></a><div class="" data-testid="list-view"><div class=""><div class="h2 relative mb2"></div><div class="relative"><div class="relative overflow-hidden" style="max-width: 290px; height: 0px; padding-bottom: min(290px, 100%); align-self: center; width: min(290px, 100%);"><img loading="lazy" srcset="https://i5.walmartimages.com/asr/76711a9b-3b0a-4c44-a250-38ab60b3cbde_2.e4dd3c602e75e75e5ff6703ac3880ffc.jpeg?odnHeight=290&amp;odnWidth=290&amp;odnBg=FFFFFF 1x, https://i5.walmartimages.com/asr/76711a9b-3b0a-4c44-a250-38ab60b3cbde_2.e4dd3c602e75e75e5ff6703ac3880ffc.jpeg?odnHeight=580&amp;odnWidth=580&amp;odnBg=FFFFFF 2x" class="absolute top-0 left-0" data-testid="productTileImage" alt="" src="https://i5.walmartimages.com/asr/76711a9b-3b0a-4c44-a250-38ab60b3cbde_2.e4dd3c602e75e75e5ff6703ac3880ffc.jpeg?odnHeight=580&amp;odnWidth=580&amp;odnBg=FFFFFF" width="" height=""></div></div><div class="mt5 mb1" style="height: 24px;" data-testid="variant-30NZ0BEVU9O9"></div></div><div class=""><div class="flex flex-wrap justify-start items-center lh-title mb2 mb1-m"><div class="normal gray f5 mr1 mr2-xl lh-copy f4-l" aria-hidden="true">$2.37</div><span class="w_R">current price $2.37</span><div class="f7 f6-l gray mr1">17.6 ¢/oz</div></div><span class="w_N" style="-webkit-line-clamp: 3; padding-bottom: 0em; margin-bottom: 0em;"><span class="f6 f5-l normal dark-gray mb0 mt1 lh-title">Great Value Original Rippled Potato Chips Party Size!, 13.5 oz</span></span><div class="mt2 flex items-center"><span class="black inline-flex mr1"><i class="ld ld-StarFill" style="font-size: 12px; vertical-align: -0.175em;" aria-hidden="true"></i><i class="ld ld-StarFill" style="font-size: 12px; vertical-align: -0.175em;" aria-hidden="true"></i><i class="ld ld-StarFill" style="font-size: 12px; vertical-align: -0.175em;" aria-hidden="true"></i><i class="ld ld-StarHalf" style="font-size: 12px; vertical-align: -0.175em;" aria-hidden="true"></i><i class="ld ld-Star" style="font-size: 12px; vertical-align: -0.175em;" aria-hidden="true"></i></span><span class="sans-serif gray f7" aria-hidden="true">64</span><span class="w_R">3.4 out of 5 Stars. 64 reviews</span></div><div class="sans-serif gray f7 f6-l pb2 mt3">Out of stock</div></div></div></div><div class="pt2-l"><button type="button" aria-label="Shop similar - Great Value Original Rippled Potato Chips Party Size!, 13.5 oz" class="pa0 self-start db b--none bg-white f6 sans-serif underline" aria-expanded="false">Shop similar</button></div></div></div><div class="mb1 ph1 pa0-xl bb b--near-white w-25 pb1-xl"><div class="h-100 pb1-xl pr4-xl pv1 ph1"><div data-item-id="0U3FDEFTFXFE" class="sans-serif mid-gray relative flex flex-column w-100 "><a link-identifier="323676370" class="absolute w-100 h-100 z-1" href="/ip/Munchos-Potato-Chips-4-25-Oz/323676370"><span class="w_R">Munchos Potato Chips, 4.25 Oz. </span></a><div class="" data-testid="list-view"><div class=""><div class="h2 relative mb2"></div><div class="relative"><div class="relative overflow-hidden" style="max-width: 290px; height: 0px; padding-bottom: min(290px, 100%); align-self: center; width: min(290px, 100%);"><img loading="lazy" srcset="https://i5.walmartimages.com/asr/74138965-e05c-483f-b3ef-52e049fa8819_1.d450413ed4b9474d299448e93d6dc5e4.jpeg?odnHeight=290&amp;odnWidth=290&amp;odnBg=FFFFFF 1x, https://i5.walmartimages.com/asr/74138965-e05c-483f-b3ef-52e049fa8819_1.d450413ed4b9474d299448e93d6dc5e4.jpeg?odnHeight=580&amp;odnWidth=580&amp;odnBg=FFFFFF 2x" class="absolute top-0 left-0" data-testid="productTileImage" alt="" src="https://i5.walmartimages.com/asr/74138965-e05c-483f-b3ef-52e049fa8819_1.d450413ed4b9474d299448e93d6dc5e4.jpeg?odnHeight=580&amp;odnWidth=580&amp;odnBg=FFFFFF" width="" height=""></div></div><div class="mt5 mb1" style="height: 24px;" data-testid="variant-0U3FDEFTFXFE"></div></div><div class=""><div class="flex flex-wrap justify-start items-center lh-title mb2 mb1-m"><div class="normal gray f5 mr1 mr2-xl lh-copy f4-l" aria-hidden="true">$2.28</div><span class="w_R">current price $2.28</span><div class="f7 f6-l gray mr1">53.6 ¢/oz</div></div><span class="w_N" style="-webkit-line-clamp: 3; padding-bottom: 0em; margin-bottom: 0em;"><span class="f6 f5-l normal dark-gray mb0 mt1 lh-title">Munchos Potato Chips, 4.25 Oz.</span></span><div class="mt2 flex items-center"><span class="black inline-flex mr1"><i class="ld ld-StarFill" style="font-size: 12px; vertical-align: -0.175em;" aria-hidden="true"></i><i class="ld ld-StarFill" style="font-size: 12px; vertical-align: -0.175em;" aria-hidden="true"></i><i class="ld ld-StarFill" style="font-size: 12px; vertical-align: -0.175em;" aria-hidden="true"></i><i class="ld ld-StarFill" style="font-size: 12px; vertical-align: -0.175em;" aria-hidden="true"></i><i class="ld ld-StarHalf" style="font-size: 12px; vertical-align: -0.175em;" aria-hidden="true"></i></span><span class="sans-serif gray f7" aria-hidden="true">253</span><span class="w_R">4.7 out of 5 Stars. 253 reviews</span></div><div class="sans-serif gray f7 f6-l pb2 mt3">Out of stock</div></div></div></div><div class="pt2-l"><button type="button" aria-label="Shop similar - Munchos Potato Chips, 4.25 Oz." class="pa0 self-start db b--none bg-white f6 sans-serif underline" aria-expanded="false">Shop similar</button></div></div></div><div class="mb1 ph1 pa0-xl bb b--near-white w-25 pb1-xl"><div class="h-100 pb1-xl pr4-xl pv1 ph1"><div data-item-id="2QLRN5H5IRFA" class="sans-serif mid-gray relative flex flex-column w-100 "><a link-identifier="351534613" class="absolute w-100 h-100 z-1" href="/ip/Great-Value-Original-Wavy-Potato-Chips-13-oz/351534613"><span class="w_R">Great Value Original Wavy Potato Chips, 13 oz </span></a><div class="" data-testid="list-view"><div class=""><div class="h2 relative mb2"></div><div class="relative"><div class="relative overflow-hidden" style="max-width: 290px; height: 0px; padding-bottom: min(290px, 100%); align-self: center; width: min(290px, 100%);"><img loading="lazy" srcset="https://i5.walmartimages.com/asr/f08616f3-0de5-4e71-9068-42bf30606632.0c243fd4c8cded70dc4a87756e3ce982.jpeg?odnHeight=290&amp;odnWidth=290&amp;odnBg=FFFFFF 1x, https://i5.walmartimages.com/asr/f08616f3-0de5-4e71-9068-42bf30606632.0c243fd4c8cded70dc4a87756e3ce982.jpeg?odnHeight=580&amp;odnWidth=580&amp;odnBg=FFFFFF 2x" class="absolute top-0 left-0" data-testid="productTileImage" alt="" src="https://i5.walmartimages.com/asr/f08616f3-0de5-4e71-9068-42bf30606632.0c243fd4c8cded70dc4a87756e3ce982.jpeg?odnHeight=580&amp;odnWidth=580&amp;odnBg=FFFFFF" width="" height=""></div></div><div class="mt5 mb1" style="height: 24px;" data-testid="variant-2QLRN5H5IRFA"></div></div><div class=""><div class="flex flex-wrap justify-start items-center lh-title mb2 mb1-m"><div class="normal gray f5 mr1 mr2-xl lh-copy f4-l" aria-hidden="true">$2.37</div><span class="w_R">current price $2.37</span><div class="f7 f6-l gray mr1">18.2 ¢/oz</div></div><span class="w_N" style="-webkit-line-clamp: 3; padding-bottom: 0em; margin-bottom: 0em;"><span class="f6 f5-l normal dark-gray mb0 mt1 lh-title">Great Value Original Wavy Potato Chips, 13 oz</span></span><div class="mt2 flex items-center"><span class="black inline-flex mr1"><i class="ld ld-StarFill" style="font-size: 12px; vertical-align: -0.175em;" aria-hidden="true"></i><i class="ld ld-StarFill" style="font-size: 12px; vertical-align: -0.175em;" aria-hidden="true"></i><i class="ld ld-StarFill" style="font-size: 12px; vertical-align: -0.175em;" aria-hidden="true"></i><i class="ld ld-StarHalf" style="font-size: 12px; vertical-align: -0.175em;" aria-hidden="true"></i><i class="ld ld-Star" style="font-size: 12px; vertical-align: -0.175em;" aria-hidden="true"></i></span><span class="sans-serif gray f7" aria-hidden="true">42</span><span class="w_R">3.6 out of 5 Stars. 42 reviews</span></div><div class="sans-serif gray f7 f6-l pb2 mt3">Out of stock</div></div></div></div><div class="pt2-l"><button type="button" aria-label="Shop similar - Great Value Original Wavy Potato Chips, 13 oz" class="pa0 self-start db b--none bg-white f6 sans-serif underline" aria-expanded="false">Shop similar</button></div></div></div><div class="mb1 ph1 pa0-xl bb b--near-white w-25 pb1-xl"><div class="h-100 pb1-xl pr4-xl pv1 ph1"><div data-item-id="4DEWG9H3EMP1" class="sans-serif mid-gray relative flex flex-column w-100 "><a link-identifier="830675549" class="absolute w-100 h-100 z-1" href="/ip/Great-Value-Cheddar-Sour-Cream-Rippled-Potato-Chips-8-oz/830675549"><span class="w_R">Great Value Cheddar &amp; Sour Cream Rippled Potato Chips, 8 oz </span></a><div class="" data-testid="list-view"><div class=""><div class="h2 relative mb2"></div><div class="relative"><div class="relative overflow-hidden" style="max-width: 290px; height: 0px; padding-bottom: min(290px, 100%); align-self: center; width: min(290px, 100%);"><img loading="lazy" srcset="https://i5.walmartimages.com/asr/5e54eb4e-3b85-4513-8e03-d4f4399f5ffc_3.015082310017bfaacaaf555a1e39fc7e.jpeg?odnHeight=290&amp;odnWidth=290&amp;odnBg=FFFFFF 1x, https://i5.walmartimages.com/asr/5e54eb4e-3b85-4513-8e03-d4f4399f5ffc_3.015082310017bfaacaaf555a1e39fc7e.jpeg?odnHeight=580&amp;odnWidth=580&amp;odnBg=FFFFFF 2x" class="absolute top-0 left-0" data-testid="productTileImage" alt="" src="https://i5.walmartimages.com/asr/5e54eb4e-3b85-4513-8e03-d4f4399f5ffc_3.015082310017bfaacaaf555a1e39fc7e.jpeg?odnHeight=580&amp;odnWidth=580&amp;odnBg=FFFFFF" width="" height=""></div></div><div class="mt5 mb1" style="height: 24px;" data-testid="variant-4DEWG9H3EMP1"></div></div><div class=""><div class="flex flex-wrap justify-start items-center lh-title mb2 mb1-m"><div class="normal gray f5 mr1 mr2-xl lh-copy f4-l" aria-hidden="true">$1.54</div><span class="w_R">current price $1.54</span><div class="f7 f6-l gray mr1">19.3 ¢/oz</div></div><span class="w_N" style="-webkit-line-clamp: 3; padding-bottom: 0em; margin-bottom: 0em;"><span class="f6 f5-l normal dark-gray mb0 mt1 lh-title">Great Value Cheddar &amp; Sour Cream Rippled Potato Chips, 8 oz</span></span><div class="mt2 flex items-center"><span class="black inline-flex mr1"><i class="ld ld-StarFill" style="font-size: 12px; vertical-align: -0.175em;" aria-hidden="true"></i><i class="ld ld-StarFill" style="font-size: 12px; vertical-align: -0.175em;" aria-hidden="true"></i><i class="ld ld-StarFill" style="font-size: 12px; vertical-align: -0.175em;" aria-hidden="true"></i><i class="ld ld-StarFill" style="font-size: 12px; vertical-align: -0.175em;" aria-hidden="true"></i><i class="ld ld-Star" style="font-size: 12px; vertical-align: -0.175em;" aria-hidden="true"></i></span><span class="sans-serif gray f7" aria-hidden="true">32</span><span class="w_R">3.8 out of 5 Stars. 32 reviews</span></div><div class="sans-serif gray f7 f6-l pb2 mt3">Out of stock</div></div></div></div><div class="pt2-l"><button type="button" aria-label="Shop similar - Great Value Cheddar &amp; Sour Cream Rippled Potato Chips, 8 oz" class="pa0 self-start db b--none bg-white f6 sans-serif underline" aria-expanded="false">Shop similar</button></div></div></div><div class="mb1 ph1 pa0-xl bb b--near-white w-25 pb1-xl"><div class="h-100 pb1-xl pr4-xl pv1 ph1"><div data-item-id="3X70ANP2USHD" class="sans-serif mid-gray relative flex flex-column w-100 "><a link-identifier="176493421" class="absolute w-100 h-100 z-1" href="/ip/Great-Value-Original-Rippled-Potato-Chips-Party-Size-13-5-oz/176493421"><span class="w_R">Great Value Original Rippled Potato Chips Party Size, 13.5 oz </span></a><div class="" data-testid="list-view"><div class=""><div class="h2 relative mb2"></div><div class="relative"><div class="relative overflow-hidden" style="max-width: 290px; height: 0px; padding-bottom: min(290px, 100%); align-self: center; width: min(290px, 100%);"><img loading="lazy" srcset="https://i5.walmartimages.com/asr/694500b7-24e9-487d-9f54-c5497c58ee69_2.b21f07f97beed97cf35ca05ffc838961.jpeg?odnHeight=290&amp;odnWidth=290&amp;odnBg=FFFFFF 1x, https://i5.walmartimages.com/asr/694500b7-24e9-487d-9f54-c5497c58ee69_2.b21f07f97beed97cf35ca05ffc838961.jpeg?odnHeight=580&amp;odnWidth=580&amp;odnBg=FFFFFF 2x" class="absolute top-0 left-0" data-testid="productTileImage" alt="" src="https://i5.walmartimages.com/asr/694500b7-24e9-487d-9f54-c5497c58ee69_2.b21f07f97beed97cf35ca05ffc838961.jpeg?odnHeight=580&amp;odnWidth=580&amp;odnBg=FFFFFF" width="" height=""></div></div><div class="mt5 mb1" style="height: 24px;" data-testid="variant-3X70ANP2USHD"></div></div><div class=""><div class="flex flex-wrap justify-start items-center lh-title mb2 mb1-m"><div class="normal gray f5 mr1 mr2-xl lh-copy f4-l" aria-hidden="true">$2.37</div><span class="w_R">current price $2.37</span><div class="f7 f6-l gray mr1">17.6 ¢/oz</div></div><span class="w_N" style="-webkit-line-clamp: 3; padding-bottom: 0em; margin-bottom: 0em;"><span class="f6 f5-l normal dark-gray mb0 mt1 lh-title">Great Value Original Rippled Potato Chips Party Size, 13.5 oz</span></span><div class="mt2 flex items-center"><span class="black inline-flex mr1"><i class="ld ld-StarFill" style="font-size: 12px; vertical-align: -0.175em;" aria-hidden="true"></i><i class="ld ld-StarFill" style="font-size: 12px; vertical-align: -0.175em;" aria-hidden="true"></i><i class="ld ld-StarFill" style="font-size: 12px; vertical-align: -0.175em;" aria-hidden="true"></i><i class="ld ld-StarFill" style="font-size: 12px; vertical-align: -0.175em;" aria-hidden="true"></i><i class="ld ld-Star" style="font-size: 12px; vertical-align: -0.175em;" aria-hidden="true"></i></span><span class="sans-serif gray f7" aria-hidden="true">66</span><span class="w_R">4 out of 5 Stars. 66 reviews</span></div><div class="sans-serif gray f7 f6-l pb2 mt3">Out of stock</div></div></div></div><div class="pt2-l"><button type="button" aria-label="Shop similar - Great Value Original Rippled Potato Chips Party Size, 13.5 oz" class="pa0 self-start db b--none bg-white f6 sans-serif underline" aria-expanded="false">Shop similar</button></div></div></div><div class="mb1 ph1 pa0-xl bb b--near-white w-25 pb1-xl"><div class="h-100 pb1-xl pr4-xl pv1 ph1"><div data-item-id="2545W2M8NVJJ" class="sans-serif mid-gray relative flex flex-column w-100 "><a link-identifier="807151368" class="absolute w-100 h-100 z-1" href="/ip/Great-Value-Barbecue-Flavored-Potato-Chips-7-75-oz/807151368"><span class="w_R">Great Value Barbecue Flavored Potato Chips, 7.75 oz </span></a><div class="" data-testid="list-view"><div class=""><div class="h2 relative mb2"></div><div class="relative"><div class="relative overflow-hidden" style="max-width: 290px; height: 0px; padding-bottom: min(290px, 100%); align-self: center; width: min(290px, 100%);"><img loading="lazy" srcset="https://i5.walmartimages.com/asr/fd90dd8d-8c3b-4925-814e-277be43164dd_1.c2ab90ec2bf35c705080bcb7bc4c7874.jpeg?odnHeight=290&amp;odnWidth=290&amp;odnBg=FFFFFF 1x, https://i5.walmartimages.com/asr/fd90dd8d-8c3b-4925-814e-277be43164dd_1.c2ab90ec2bf35c705080bcb7bc4c7874.jpeg?odnHeight=580&amp;odnWidth=580&amp;odnBg=FFFFFF 2x" class="absolute top-0 left-0" data-testid="productTileImage" alt="" src="https://i5.walmartimages.com/asr/fd90dd8d-8c3b-4925-814e-277be43164dd_1.c2ab90ec2bf35c705080bcb7bc4c7874.jpeg?odnHeight=580&amp;odnWidth=580&amp;odnBg=FFFFFF" width="" height=""></div></div><div class="mt5 mb1" style="height: 24px;" data-testid="variant-2545W2M8NVJJ"></div></div><div class=""><div class="flex flex-wrap justify-start items-center lh-title mb2 mb1-m"><div class="normal gray f5 mr1 mr2-xl lh-copy f4-l" aria-hidden="true">$1.54</div><span class="w_R">current price $1.54</span><div class="f7 f6-l gray mr1">19.9 ¢/oz</div></div><span class="w_N" style="-webkit-line-clamp: 3; padding-bottom: 0em; margin-bottom: 0em;"><span class="f6 f5-l normal dark-gray mb0 mt1 lh-title">Great Value Barbecue Flavored Potato Chips, 7.75 oz</span></span><div class="mt2 flex items-center"><span class="black inline-flex mr1"><i class="ld ld-StarFill" style="font-size: 12px; vertical-align: -0.175em;" aria-hidden="true"></i><i class="ld ld-StarFill" style="font-size: 12px; vertical-align: -0.175em;" aria-hidden="true"></i><i class="ld ld-StarFill" style="font-size: 12px; vertical-align: -0.175em;" aria-hidden="true"></i><i class="ld ld-StarFill" style="font-size: 12px; vertical-align: -0.175em;" aria-hidden="true"></i><i class="ld ld-Star" style="font-size: 12px; vertical-align: -0.175em;" aria-hidden="true"></i></span><span class="sans-serif gray f7" aria-hidden="true">35</span><span class="w_R">4 out of 5 Stars. 35 reviews</span></div><div class="sans-serif gray f7 f6-l pb2 mt3">Out of stock</div></div></div></div><div class="pt2-l"><button type="button" aria-label="Shop similar - Great Value Barbecue Flavored Potato Chips, 7.75 oz" class="pa0 self-start db b--none bg-white f6 sans-serif underline" aria-expanded="false">Shop similar</button></div></div></div><div class="mb1 ph1 pa0-xl bb b--near-white w-25 pb1-xl"><div class="h-100 pb1-xl pr4-xl pv1 ph1"><div data-item-id="2OFAM01F5X4Q" class="sans-serif mid-gray relative flex flex-column w-100 "><a link-identifier="44390994" class="absolute w-100 h-100 z-1" href="/ip/On-The-Border-Cafe-Style-Tortilla-Chips-18-Oz/44390994"><span class="w_R">On The Border Cafe Style Tortilla Chips, 18 Oz. </span></a><div class="" data-testid="list-view"><div class=""><div class="h2 relative mb2"></div><div class="relative"><div class="relative overflow-hidden" style="max-width: 290px; height: 0px; padding-bottom: min(290px, 100%); align-self: center; width: min(290px, 100%);"><img loading="lazy" srcset="https://i5.walmartimages.com/asr/0f610b87-e4fa-42b6-8944-38cd063ffb27_1.1a88aebe9ec44c00dbea42ec578a134e.jpeg?odnHeight=290&amp;odnWidth=290&amp;odnBg=FFFFFF 1x, https://i5.walmartimages.com/asr/0f610b87-e4fa-42b6-8944-38cd063ffb27_1.1a88aebe9ec44c00dbea42ec578a134e.jpeg?odnHeight=580&amp;odnWidth=580&amp;odnBg=FFFFFF 2x" class="absolute top-0 left-0" data-testid="productTileImage" alt="" src="https://i5.walmartimages.com/asr/0f610b87-e4fa-42b6-8944-38cd063ffb27_1.1a88aebe9ec44c00dbea42ec578a134e.jpeg?odnHeight=580&amp;odnWidth=580&amp;odnBg=FFFFFF" width="" height=""></div></div><div class="mt5 mb1" style="height: 24px;" data-testid="variant-2OFAM01F5X4Q"></div></div><div class=""><div class="flex flex-wrap justify-start items-center lh-title mb2 mb1-m"><div class="normal gray f5 mr1 mr2-xl lh-copy f4-l" aria-hidden="true">$3.33</div><span class="w_R">current price $3.33</span><div class="f7 f6-l gray mr1">18.5 ¢/oz</div></div><span class="w_N" style="-webkit-line-clamp: 3; padding-bottom: 0em; margin-bottom: 0em;"><span class="f6 f5-l normal dark-gray mb0 mt1 lh-title">On The Border Cafe Style Tortilla Chips, 18 Oz.</span></span><div class="mt2 flex items-center"><span class="black inline-flex mr1"><i class="ld ld-StarFill" style="font-size: 12px; vertical-align: -0.175em;" aria-hidden="true"></i><i class="ld ld-StarFill" style="font-size: 12px; vertical-align: -0.175em;" aria-hidden="true"></i><i class="ld ld-StarFill" style="font-size: 12px; vertical-align: -0.175em;" aria-hidden="true"></i><i class="ld ld-StarFill" style="font-size: 12px; vertical-align: -0.175em;" aria-hidden="true"></i><i class="ld ld-Star" style="font-size: 12px; vertical-align: -0.175em;" aria-hidden="true"></i></span><span class="sans-serif gray f7" aria-hidden="true">1137</span><span class="w_R">4.2 out of 5 Stars. 1137 reviews</span></div><div class="sans-serif gray f7 f6-l pb2 mt3">Out of stock</div></div></div></div><div class="pt2-l"><button type="button" aria-label="Shop similar - On The Border Cafe Style Tortilla Chips, 18 Oz." class="pa0 self-start db b--none bg-white f6 sans-serif underline" aria-expanded="false">Shop similar</button></div></div></div><div class="mb1 ph1 pa0-xl bb b--near-white w-25 pb1-xl"><div class="h-100 pb1-xl pr4-xl pv1 ph1"><div data-item-id="2DEDGI72YY12" class="sans-serif mid-gray relative flex flex-column w-100 "><a link-identifier="597964523" class="absolute w-100 h-100 z-1" href="/ip/Great-Value-Party-Size-Barbecue-Potato-Chips-12-5-oz/597964523"><span class="w_R">Great Value Party Size Barbecue Potato Chips, 12.5 oz </span></a><div class="" data-testid="list-view"><div class=""><div class="h2 relative mb2"></div><div class="relative"><div class="relative overflow-hidden" style="max-width: 290px; height: 0px; padding-bottom: min(290px, 100%); align-self: center; width: min(290px, 100%);"><img loading="lazy" srcset="https://i5.walmartimages.com/asr/4e52bd84-9c72-4c9e-bf4c-b4e0e183c8b8.eb1957f3f6c3694f9e4797bb483512b7.jpeg?odnHeight=290&amp;odnWidth=290&amp;odnBg=FFFFFF 1x, https://i5.walmartimages.com/asr/4e52bd84-9c72-4c9e-bf4c-b4e0e183c8b8.eb1957f3f6c3694f9e4797bb483512b7.jpeg?odnHeight=580&amp;odnWidth=580&amp;odnBg=FFFFFF 2x" class="absolute top-0 left-0" data-testid="productTileImage" alt="" src="https://i5.walmartimages.com/asr/4e52bd84-9c72-4c9e-bf4c-b4e0e183c8b8.eb1957f3f6c3694f9e4797bb483512b7.jpeg?odnHeight=580&amp;odnWidth=580&amp;odnBg=FFFFFF" width="" height=""></div></div><div class="mt5 mb1" style="height: 24px;" data-testid="variant-2DEDGI72YY12"></div></div><div class=""><div class="flex flex-wrap justify-start items-center lh-title mb2 mb1-m"><div class="normal gray f5 mr1 mr2-xl lh-copy f4-l" aria-hidden="true">$2.37</div><span class="w_R">current price $2.37</span><div class="f7 f6-l gray mr1">19.0 ¢/oz</div></div><span class="w_N" style="-webkit-line-clamp: 3; padding-bottom: 0em; margin-bottom: 0em;"><span class="f6 f5-l normal dark-gray mb0 mt1 lh-title">Great Value Party Size Barbecue Potato Chips, 12.5 oz</span></span><div class="mt2 flex items-center"><span class="black inline-flex mr1"><i class="ld ld-StarFill" style="font-size: 12px; vertical-align: -0.175em;" aria-hidden="true"></i><i class="ld ld-StarFill" style="font-size: 12px; vertical-align: -0.175em;" aria-hidden="true"></i><i class="ld ld-StarFill" style="font-size: 12px; vertical-align: -0.175em;" aria-hidden="true"></i><i class="ld ld-StarFill" style="font-size: 12px; vertical-align: -0.175em;" aria-hidden="true"></i><i class="ld ld-Star" style="font-size: 12px; vertical-align: -0.175em;" aria-hidden="true"></i></span><span class="sans-serif gray f7" aria-hidden="true">18</span><span class="w_R">3.9 out of 5 Stars. 18 reviews</span></div><div class="sans-serif gray f7 f6-l pb2 mt3">Out of stock</div></div></div></div><div class="pt2-l"><button type="button" aria-label="Shop similar - Great Value Party Size Barbecue Potato Chips, 12.5 oz" class="pa0 self-start db b--none bg-white f6 sans-serif underline" aria-expanded="false">Shop similar</button></div></div></div></div></section></div><nav aria-label="pagination" class="mt6 mb5"><ul class="list flex items-center justify-center pa0"><li aria-hidden="true"><div class="w4 h4"></div></li><li><a link-identifier="Generic Name" aria-current="page" class="sans-serif ph1 pv2 w4 h4 lh-copy border-box br-100 b--solid mh2-m db tc no-underline black bg-white b b--blue" href="/browse/food/chips/976759_976787_1001390?affinityOverride=default">1</a></li><li><a link-identifier="Generic Name" aria-label="Go to Page 2" class="sans-serif ph1 pv2 w4 h4 lh-copy border-box br-100 b--solid mh2-m db tc no-underline black bg-white b--white-90" href="/browse/food/chips/976759_976787_1001390?page=2&amp;affinityOverride=default">2</a></li><li><a link-identifier="Generic Name" aria-label="Go to Page 3" class="sans-serif ph1 pv2 w4 h4 lh-copy border-box br-100 b--solid mh2-m db tc no-underline black bg-white b--white-90" href="/browse/food/chips/976759_976787_1001390?page=3&amp;affinityOverride=default">3</a></li><li><a link-identifier="Generic Name" aria-label="Go to Page 4" class="sans-serif ph1 pv2 w4 h4 lh-copy border-box br-100 b--solid mh2-m db tc no-underline black bg-white b--white-90" href="/browse/food/chips/976759_976787_1001390?page=4&amp;affinityOverride=default">4</a></li><li><div class="sans-serif pa1 lh-copy border-box bg-white">...</div></li><li><a link-identifier="Generic Name" aria-label="Go to Page 25" class="sans-serif ph1 pv2 w4 h4 lh-copy border-box br-100 b--solid mh2-m db tc no-underline black bg-white b--white-90" href="/browse/food/chips/976759_976787_1001390?page=25&amp;affinityOverride=default">25</a></li><li><a link-identifier="Generic Name" class="sans-serif ph1 pv2 w4 h4 border-box bg-white br-100 b--solid ba mh2-m db tc no-underline b--light-gray" data-testid="NextPage" aria-label="Next Page" href="/browse/food/chips/976759_976787_1001390?page=2&amp;affinityOverride=default"><i class="ld ld-ChevronRight pv1 blue" style="font-size: 1.5rem; vertical-align: -0.25em;"></i></a></li></ul></nav></div></div><div class="w_Ar pa0" id="BROWSE-MarqueeDisplayAd-marquee2"><span class="w-100" data-state="3" data-type="placeholder"></span></div> <div class="pt3"><div class="w_Ar pa0" id="BROWSE-SponsoredProductCarousel-bottom"><div class="pl3 ph4-xl" data-testid="sp"><section><section><header class="flex justify-between mb3 mb2-m pr3 pr4-m pr0-xl items-baseline"><section><div><div><div class="inline-flex "><h2 class="f4 f3-m lh-title ma0 ">Sponsored Products</h2></div></div></div></section><span class="w_DR gray w_DT w_DW">Sponsored</span></header><div class="flex flex-column justify-center relative"><button class="absolute dn z-999 bg-white br-100 pa0 pointer ba hidden-child br-100 ba b--black nav-control left-1" style="top: 100px;" aria-label="Previous slide for Sponsored Products list"><i class="ld ld-ChevronLeft" style="font-size: 1.5rem; vertical-align: -0.25em; padding: 12px;"></i></button><ul style="display: grid; grid-auto-flow: column; scroll-snap-type: x mandatory; max-height: fit-content;" class="list ma0 pl0 overflow-x-scroll hidesb hidesb-wk relative overflow-y-hidden carousel-peek-2 spl2 spl4-xl carousel-6-l carousel-3-m pr3-m" data-testid="carousel-container"><li class="flex flex-column items-center pa1 pr2 pb2 pr4" aria-hidden="false" data-slide="0" style="scroll-snap-align: start;"><div data-item-id="601061875" data-ad-component-type="wpa-tile" class="sans-serif mid-gray relative flex flex-column w-100 h-100" data-testid="product-tile-0"><a link-identifier="601061875" href="https://wrd.walmart.com/track?bt=1&amp;eventST=click&amp;plmt=sp-browse-bottom~desktop~&amp;pos=1&amp;tax=976759_976787_1001390&amp;rdf=1&amp;rd=https%3A%2F%2Fwww.walmart.com%2Fip%2F%2F601061875&amp;adUid=9cb006fa-5d68-4e09-a8e1-501858ef41d0&amp;mloc=sp-browse-bottom&amp;pltfm=desktop&amp;pgId=976759_976787_1001390&amp;pt=browse&amp;spQs=ieKLluwtGZOUM9W6bv0y2HeYgDN-ja7ws8g-oBgk50Lu51-3x-MP1-Kw7YcBR3YZoaPmGiVPMt2iWHm7NTfSwJLfkkeiTPmmeYWNCXMuojn1H1PLE_bgxEks-XigcQYZnHbhoRVIELFCQqr78DzCJxaq_J_lROkUbW9CzwZhVQI&amp;storeId=3081&amp;bkt=2404" class="absolute w-100 h-100 z-1"><span class="w_R">Quaker Rice Crisps, Sweet &amp; Savory Variety Pack, 14 Count</span></a><div class="h2 relative mv2"></div><div class="relative"><div class="relative overflow-hidden" style="max-width: 226px; height: 0px; padding-bottom: min(226px, 100%); align-self: center; width: min(226px, 100%);"><img loading="lazy" srcset="https://i5.walmartimages.com/asr/5c565c99-d1f8-4c9d-83df-be28ecc0d928_1.bdb6c5c809a573246b8c72fbe5329901.jpeg?odnHeight=226&amp;odnWidth=226&amp;odnBg=FFFFFF 1x, https://i5.walmartimages.com/asr/5c565c99-d1f8-4c9d-83df-be28ecc0d928_1.bdb6c5c809a573246b8c72fbe5329901.jpeg?odnHeight=576&amp;odnWidth=576&amp;odnBg=FFFFFF 2x" class="absolute top-0 left-0" data-testid="productTileImage" alt="" src="https://i5.walmartimages.com/asr/5c565c99-d1f8-4c9d-83df-be28ecc0d928_1.bdb6c5c809a573246b8c72fbe5329901.jpeg?odnHeight=576&amp;odnWidth=576&amp;odnBg=FFFFFF" width="" height=""></div><div class="z-2 absolute bottom--1"><div class="dib relative"><button class="w_AP w_AR w_AW pointer bn bg-blue hover-bg-dark-blue white sans-serif b w-auto ph2 flex items-center justify-center shadow-1" type="button" aria-label="Add to cart - Quaker Rice Crisps, Sweet &amp; Savory Variety Pack, 14 Count"><i class="ld ld-Plus" style="font-size: 1.5rem; vertical-align: -0.25em;" title="add to cart"></i><span class="mr2">Add</span></button></div></div></div><div class="mt5 mb1" style="height: 24px;" data-testid="variant-601061875"></div><div class="flex flex-wrap justify-start items-center lh-title mb2 mb1-m"><div class="b black f5 mr1 mr2-xl lh-copy f4-l" aria-hidden="true">$8.30</div><span class="w_R">current price $8.30</span><div class="f7 f6-l gray mr1">74.8 ¢/oz</div></div><span class="w_N" style="-webkit-line-clamp: 3; padding-bottom: 0em; margin-bottom: 0em;"><span class="f6 f5-l normal dark-gray mb0 mt1 lh-title">Quaker Rice Crisps, Sweet &amp; Savory Variety Pack, 14 Count</span></span><div class="mt2 flex items-center"><span class="black inline-flex mr1"><i class="ld ld-StarFill" style="font-size: 12px; vertical-align: -0.175em;" aria-hidden="true"></i><i class="ld ld-StarFill" style="font-size: 12px; vertical-align: -0.175em;" aria-hidden="true"></i><i class="ld ld-StarFill" style="font-size: 12px; vertical-align: -0.175em;" aria-hidden="true"></i><i class="ld ld-StarFill" style="font-size: 12px; vertical-align: -0.175em;" aria-hidden="true"></i><i class="ld ld-StarHalf" style="font-size: 12px; vertical-align: -0.175em;" aria-hidden="true"></i></span><span class="sans-serif gray f7" aria-hidden="true">1457</span><span class="w_R">4.5 out of 5 Stars. 1457 reviews</span></div><div class="mt2 mb2"><span class="w_Du w_D0 w_D4 mr1 mt1 ph1">Pickup</span><span class="w_Du w_D0 w_D4 mr1 mt1 ph1">Delivery</span><span class="w_Du w_D0 w_D4 mr1 mt1 ph1">1-day shipping</span></div></div></li><li class="flex flex-column items-center pa1 pr2 pb2 pr4" aria-hidden="false" data-slide="1"><div data-item-id="33584995" data-ad-component-type="wpa-tile" class="sans-serif mid-gray relative flex flex-column w-100 h-100" data-testid="product-tile-1"><a link-identifier="33584995" href="https://wrd.walmart.com/track?bt=1&amp;eventST=click&amp;plmt=sp-browse-bottom~desktop~&amp;pos=2&amp;tax=976759_976787_1001390&amp;rdf=1&amp;rd=https%3A%2F%2Fwww.walmart.com%2Fip%2F%2F33584995&amp;adUid=9cb006fa-5d68-4e09-a8e1-501858ef41d0&amp;mloc=sp-browse-bottom&amp;pltfm=desktop&amp;pgId=976759_976787_1001390&amp;pt=browse&amp;spQs=4HCBdyK9ugxWV5HRpF_aql5vfsz5Dx_VtGNvg0iAs6LTW9vAaCJQ7-0-EOC8178Gl7gFAgnsNErhb34yJ_bcg8myC5NArsjG71GdVeQVJUhG-iTJhm1Eth5EC4AGaidokOL5QPKN4Eg_2IEsKRybN3lxDcxmoe1qOx8WXtifVy0&amp;storeId=3081&amp;bkt=2404" class="absolute w-100 h-100 z-1"><span class="w_R">Alexia Foods Crispy Seasoned Potato Puffs with Roasted Garlic and Cracked Black Pepper, 28 oz</span></a><div class="h2 relative mv2"></div><div class="relative"><div class="relative overflow-hidden" style="max-width: 226px; height: 0px; padding-bottom: min(226px, 100%); align-self: center; width: min(226px, 100%);"><img loading="lazy" srcset="https://i5.walmartimages.com/asr/5aff2ff8-8fb1-44e8-8652-d79f50054b6d_1.8565bde379d73b6b356f6d086fba77ef.jpeg?odnHeight=226&amp;odnWidth=226&amp;odnBg=FFFFFF 1x, https://i5.walmartimages.com/asr/5aff2ff8-8fb1-44e8-8652-d79f50054b6d_1.8565bde379d73b6b356f6d086fba77ef.jpeg?odnHeight=576&amp;odnWidth=576&amp;odnBg=FFFFFF 2x" class="absolute top-0 left-0" data-testid="productTileImage" alt="" src="https://i5.walmartimages.com/asr/5aff2ff8-8fb1-44e8-8652-d79f50054b6d_1.8565bde379d73b6b356f6d086fba77ef.jpeg?odnHeight=576&amp;odnWidth=576&amp;odnBg=FFFFFF" width="" height=""></div><div class="z-2 absolute bottom--1"><div class="dib relative"><button class="w_AP w_AR w_AW pointer bn bg-blue hover-bg-dark-blue white sans-serif b w-auto ph2 flex items-center justify-center shadow-1" type="button" aria-label="Add to cart - Alexia Foods Crispy Seasoned Potato Puffs with Roasted Garlic and Cracked Black Pepper, 28 oz"><i class="ld ld-Plus" style="font-size: 1.5rem; vertical-align: -0.25em;" title="add to cart"></i><span class="mr2">Add</span></button></div></div></div><div class="mt5 mb1" style="height: 24px;" data-testid="variant-33584995"></div><div class="flex flex-wrap justify-start items-center lh-title mb2 mb1-m"><div class="b black f5 mr1 mr2-xl lh-copy f4-l" aria-hidden="true">$4.24</div><span class="w_R">current price $4.24</span><div class="f7 f6-l gray mr1">15.1 ¢/oz</div></div><span class="w_N" style="-webkit-line-clamp: 3; padding-bottom: 0em; margin-bottom: 0em;"><span class="f6 f5-l normal dark-gray mb0 mt1 lh-title">Alexia Foods Crispy Seasoned Potato Puffs with Roasted Garlic and Cracked Black Pepper, 28 oz</span></span><div class="mt2 flex items-center"><span class="black inline-flex mr1"><i class="ld ld-StarFill" style="font-size: 12px; vertical-align: -0.175em;" aria-hidden="true"></i><i class="ld ld-StarFill" style="font-size: 12px; vertical-align: -0.175em;" aria-hidden="true"></i><i class="ld ld-StarFill" style="font-size: 12px; vertical-align: -0.175em;" aria-hidden="true"></i><i class="ld ld-StarFill" style="font-size: 12px; vertical-align: -0.175em;" aria-hidden="true"></i><i class="ld ld-StarHalf" style="font-size: 12px; vertical-align: -0.175em;" aria-hidden="true"></i></span><span class="sans-serif gray f7" aria-hidden="true">173</span><span class="w_R">4.6 out of 5 Stars. 173 reviews</span></div><div class="mt2 mb2"><span class="w_Du w_D0 w_D4 mr1 mt1 ph1">Pickup</span><span class="w_Du w_D0 w_D4 mr1 mt1 ph1">Delivery</span></div></div></li><li class="flex flex-column items-center pa1 pr2 pb2 pr4" aria-hidden="false" data-slide="2"><div data-item-id="853930307" data-ad-component-type="wpa-tile" class="sans-serif mid-gray relative flex flex-column w-100 h-100" data-testid="product-tile-2"><a link-identifier="853930307" href="https://wrd.walmart.com/track?bt=1&amp;eventST=click&amp;plmt=sp-browse-bottom~desktop~&amp;pos=3&amp;tax=976759_976787_1001390&amp;rdf=1&amp;rd=https%3A%2F%2Fwww.walmart.com%2Fip%2F%2F853930307&amp;adUid=9cb006fa-5d68-4e09-a8e1-501858ef41d0&amp;mloc=sp-browse-bottom&amp;pltfm=desktop&amp;pgId=976759_976787_1001390&amp;pt=browse&amp;spQs=l-TQcnKY7XEZ5KVJLiS9Km3T-0kWkcijX5sqlXtdVShNtzkwA0M8jH2lxwM--SW_hHNqDmOUM22ofwyyrcvxe2hJv_gz7TNeGyOotMWikJ6cGFXVNeQidRcwu3aF-t9Tp0k9OPJVHZjUFuXedfs4mfP9Ry2rbo-Agigl3a0q5eU&amp;storeId=3081&amp;bkt=2404" class="absolute w-100 h-100 z-1"><span class="w_R">LesserEvil Organic Paleo Puffs, "No Cheese" Cheesiness, 5 oz</span></a><div class="h2 relative mv2"></div><div class="relative"><div class="relative overflow-hidden" style="max-width: 226px; height: 0px; padding-bottom: min(226px, 100%); align-self: center; width: min(226px, 100%);"><img loading="lazy" srcset="https://i5.walmartimages.com/asr/3b08a35e-7d0a-4394-bf1f-b31dd92d34d4.150ca75626f1302e57f0033678573d13.png?odnHeight=226&amp;odnWidth=226&amp;odnBg=FFFFFF 1x, https://i5.walmartimages.com/asr/3b08a35e-7d0a-4394-bf1f-b31dd92d34d4.150ca75626f1302e57f0033678573d13.png?odnHeight=576&amp;odnWidth=576&amp;odnBg=FFFFFF 2x" class="absolute top-0 left-0" data-testid="productTileImage" alt="" src="https://i5.walmartimages.com/asr/3b08a35e-7d0a-4394-bf1f-b31dd92d34d4.150ca75626f1302e57f0033678573d13.png?odnHeight=576&amp;odnWidth=576&amp;odnBg=FFFFFF" width="" height=""></div><div class="z-2 absolute bottom--1"><div class="dib relative"><button class="w_AP w_AR w_AW pointer bn bg-blue hover-bg-dark-blue white sans-serif b w-auto ph2 flex items-center justify-center shadow-1" type="button" aria-label="Add to cart - LesserEvil Organic Paleo Puffs, &quot;No Cheese&quot; Cheesiness, 5 oz"><i class="ld ld-Plus" style="font-size: 1.5rem; vertical-align: -0.25em;" title="add to cart"></i><span class="mr2">Add</span></button></div></div></div><div class="mt5 mb1" style="height: 24px;" data-testid="variant-853930307"></div><div class="flex flex-wrap justify-start items-center lh-title mb2 mb1-m"><div class="b black f5 mr1 mr2-xl lh-copy f4-l" aria-hidden="true">$3.78</div><span class="w_R">current price $3.78</span><div class="f7 f6-l gray mr1">75.6 ¢/oz</div></div><span class="w_N" style="-webkit-line-clamp: 3; padding-bottom: 0em; margin-bottom: 0em;"><span class="f6 f5-l normal dark-gray mb0 mt1 lh-title">LesserEvil Organic Paleo Puffs, "No Cheese" Cheesiness, 5 oz</span></span><div class="mt2 flex items-center"><span class="black inline-flex mr1"><i class="ld ld-StarFill" style="font-size: 12px; vertical-align: -0.175em;" aria-hidden="true"></i><i class="ld ld-StarFill" style="font-size: 12px; vertical-align: -0.175em;" aria-hidden="true"></i><i class="ld ld-StarFill" style="font-size: 12px; vertical-align: -0.175em;" aria-hidden="true"></i><i class="ld ld-StarFill" style="font-size: 12px; vertical-align: -0.175em;" aria-hidden="true"></i><i class="ld ld-StarHalf" style="font-size: 12px; vertical-align: -0.175em;" aria-hidden="true"></i></span><span class="sans-serif gray f7" aria-hidden="true">112</span><span class="w_R">4.3 out of 5 Stars. 112 reviews</span></div><div class="mt2 mb2"><span class="w_Du w_D0 w_D4 mr1 mt1 ph1">Pickup</span><span class="w_Du w_D0 w_D4 mr1 mt1 ph1">Delivery</span></div></div></li><li class="flex flex-column items-center pa1 pr2 pb2 pr4" aria-hidden="false" data-slide="3"><div data-item-id="431030456" data-ad-component-type="wpa-tile" class="sans-serif mid-gray relative flex flex-column w-100 h-100" data-testid="product-tile-3"><a link-identifier="431030456" href="https://wrd.walmart.com/track?bt=1&amp;eventST=click&amp;plmt=sp-browse-bottom~desktop~&amp;pos=4&amp;tax=976759_976787_1001390&amp;rdf=1&amp;rd=https%3A%2F%2Fwww.walmart.com%2Fip%2F%2F431030456&amp;adUid=9cb006fa-5d68-4e09-a8e1-501858ef41d0&amp;mloc=sp-browse-bottom&amp;pltfm=desktop&amp;pgId=976759_976787_1001390&amp;pt=browse&amp;spQs=1znfdLOssHtChk9JMfZUg23T-0kWkcijX5sqlXtdVShNtzkwA0M8jH2lxwM--SW_hHNqDmOUM22ofwyyrcvxe2hJv_gz7TNeGyOotMWikJ6Hz7MavGDeatqZ5SLf4KCwYla5DjWllevDTZzR98yPOFQD6xV_LcYmb0hJkxhUg84&amp;storeId=3081&amp;bkt=2404" class="absolute w-100 h-100 z-1"><span class="w_R">LesserEvil Organic Paleo Puffs, Himalayan Pink Salt, 5 oz</span></a><div class="h2 relative mv2"></div><div class="relative"><div class="relative overflow-hidden" style="max-width: 226px; height: 0px; padding-bottom: min(226px, 100%); align-self: center; width: min(226px, 100%);"><img loading="lazy" srcset="https://i5.walmartimages.com/asr/1eb40c3e-3d25-44e9-b621-daf59bcefd9c_1.c01ecdca76c2eafb10c1017173f4c047.jpeg?odnHeight=226&amp;odnWidth=226&amp;odnBg=FFFFFF 1x, https://i5.walmartimages.com/asr/1eb40c3e-3d25-44e9-b621-daf59bcefd9c_1.c01ecdca76c2eafb10c1017173f4c047.jpeg?odnHeight=576&amp;odnWidth=576&amp;odnBg=FFFFFF 2x" class="absolute top-0 left-0" data-testid="productTileImage" alt="" src="https://i5.walmartimages.com/asr/1eb40c3e-3d25-44e9-b621-daf59bcefd9c_1.c01ecdca76c2eafb10c1017173f4c047.jpeg?odnHeight=576&amp;odnWidth=576&amp;odnBg=FFFFFF" width="" height=""></div><div class="z-2 absolute bottom--1"><div class="dib relative"><button class="w_AP w_AR w_AW pointer bn bg-blue hover-bg-dark-blue white sans-serif b w-auto ph2 flex items-center justify-center shadow-1" type="button" aria-label="Add to cart - LesserEvil Organic Paleo Puffs, Himalayan Pink Salt, 5 oz"><i class="ld ld-Plus" style="font-size: 1.5rem; vertical-align: -0.25em;" title="add to cart"></i><span class="mr2">Add</span></button></div></div></div><div class="mt5 mb1" style="height: 24px;" data-testid="variant-431030456"></div><div class="flex flex-wrap justify-start items-center lh-title mb2 mb1-m"><div class="b black f5 mr1 mr2-xl lh-copy f4-l" aria-hidden="true">$3.78</div><span class="w_R">current price $3.78</span><div class="f7 f6-l gray mr1">75.6 ¢/oz</div></div><span class="w_N" style="-webkit-line-clamp: 3; padding-bottom: 0em; margin-bottom: 0em;"><span class="f6 f5-l normal dark-gray mb0 mt1 lh-title">LesserEvil Organic Paleo Puffs, Himalayan Pink Salt, 5 oz</span></span><div class="mt2 flex items-center"><span class="black inline-flex mr1"><i class="ld ld-StarFill" style="font-size: 12px; vertical-align: -0.175em;" aria-hidden="true"></i><i class="ld ld-StarFill" style="font-size: 12px; vertical-align: -0.175em;" aria-hidden="true"></i><i class="ld ld-StarFill" style="font-size: 12px; vertical-align: -0.175em;" aria-hidden="true"></i><i class="ld ld-StarFill" style="font-size: 12px; vertical-align: -0.175em;" aria-hidden="true"></i><i class="ld ld-Star" style="font-size: 12px; vertical-align: -0.175em;" aria-hidden="true"></i></span><span class="sans-serif gray f7" aria-hidden="true">80</span><span class="w_R">4.1 out of 5 Stars. 80 reviews</span></div><div class="mt2 mb2"><span class="w_Du w_D0 w_D4 mr1 mt1 ph1">Pickup</span><span class="w_Du w_D0 w_D4 mr1 mt1 ph1">Delivery</span><span class="w_Du w_D0 w_D4 mr1 mt1 ph1">3+ day shipping</span></div></div></li><li class="flex flex-column items-center pa1 pr2 pb2 pr4" aria-hidden="false" data-slide="4"><div data-item-id="655094884" data-ad-component-type="wpa-tile" class="sans-serif mid-gray relative flex flex-column w-100 h-100" data-testid="product-tile-4"><a link-identifier="655094884" href="https://wrd.walmart.com/track?bt=1&amp;eventST=click&amp;plmt=sp-browse-bottom~desktop~&amp;pos=5&amp;tax=976759_976787_1001390&amp;rdf=1&amp;rd=https%3A%2F%2Fwww.walmart.com%2Fip%2F%2F655094884&amp;adUid=9cb006fa-5d68-4e09-a8e1-501858ef41d0&amp;mloc=sp-browse-bottom&amp;pltfm=desktop&amp;pgId=976759_976787_1001390&amp;pt=browse&amp;spQs=J5TYYnzQtuEdDTzlQp2ydbp7wzrxDKLQ3QfjOcdZJmiksLIKH8GdMHI51EBhDsz8coiqJW-89RRWjY6N_2kCTpE9Dt5eD5xF2jiSXUulVem7GfsTspGxKWXGwW2lp_gliHMBmhQtVrTWJufGR2nt2ywl1Gaf6FFoUIhEtK1lmqI&amp;storeId=3081&amp;bkt=2404" class="absolute w-100 h-100 z-1"><span class="w_R">Takis Fuego Rolled Tortilla Chips, Hot Chili Pepper and Lime Artificially Flavored, 20 Ounce Fiesta Size Bag</span></a><div class="h2 relative mv2"></div><div class="relative"><div class="relative overflow-hidden" style="max-width: 226px; height: 0px; padding-bottom: min(226px, 100%); align-self: center; width: min(226px, 100%);"><img loading="lazy" srcset="https://i5.walmartimages.com/asr/77fae496-d0a6-4289-8f33-2496553175d6.73408a2f420a364571a0a0104663be4e.jpeg?odnHeight=226&amp;odnWidth=226&amp;odnBg=FFFFFF 1x, https://i5.walmartimages.com/asr/77fae496-d0a6-4289-8f33-2496553175d6.73408a2f420a364571a0a0104663be4e.jpeg?odnHeight=576&amp;odnWidth=576&amp;odnBg=FFFFFF 2x" class="absolute top-0 left-0" data-testid="productTileImage" alt="" src="https://i5.walmartimages.com/asr/77fae496-d0a6-4289-8f33-2496553175d6.73408a2f420a364571a0a0104663be4e.jpeg?odnHeight=576&amp;odnWidth=576&amp;odnBg=FFFFFF" width="" height=""></div><div class="z-2 absolute bottom--1"><div class="dib relative"><button class="w_AP w_AR w_AW pointer bn bg-blue hover-bg-dark-blue white sans-serif b w-auto ph2 flex items-center justify-center shadow-1" type="button" aria-label="Add to cart - Takis Fuego Rolled Tortilla Chips, Hot Chili Pepper and Lime Artificially Flavored, 20 Ounce Fiesta Size Bag"><i class="ld ld-Plus" style="font-size: 1.5rem; vertical-align: -0.25em;" title="add to cart"></i><span class="mr2">Add</span></button></div></div></div><div class="mt5 mb1" style="height: 24px;" data-testid="variant-655094884"></div><div class="flex flex-wrap justify-start items-center lh-title mb2 mb1-m"><div class="b black f5 mr1 mr2-xl lh-copy f4-l" aria-hidden="true">$4.47</div><span class="w_R">current price $4.47</span><div class="f7 f6-l gray mr1">22.4 ¢/oz</div></div><span class="w_N" style="-webkit-line-clamp: 3; padding-bottom: 0em; margin-bottom: 0em;"><span class="f6 f5-l normal dark-gray mb0 mt1 lh-title">Takis Fuego Rolled Tortilla Chips, Hot Chili Pepper and Lime Artificially Flavored, 20 Ounce Fiesta Size Bag</span></span><div class="mt2 flex items-center"><span class="black inline-flex mr1"><i class="ld ld-StarFill" style="font-size: 12px; vertical-align: -0.175em;" aria-hidden="true"></i><i class="ld ld-StarFill" style="font-size: 12px; vertical-align: -0.175em;" aria-hidden="true"></i><i class="ld ld-StarFill" style="font-size: 12px; vertical-align: -0.175em;" aria-hidden="true"></i><i class="ld ld-StarFill" style="font-size: 12px; vertical-align: -0.175em;" aria-hidden="true"></i><i class="ld ld-StarHalf" style="font-size: 12px; vertical-align: -0.175em;" aria-hidden="true"></i></span><span class="sans-serif gray f7" aria-hidden="true">347</span><span class="w_R">4.6 out of 5 Stars. 347 reviews</span></div><div class="mt2 mb2"><span class="w_Du w_D0 w_D4 mr1 mt1 ph1">Pickup</span><span class="w_Du w_D0 w_D4 mr1 mt1 ph1">Delivery</span><span class="w_Du w_D0 w_D4 mr1 mt1 ph1">3+ day shipping</span></div></div></li><li class="flex flex-column items-center pa1 pr2 pb2 pr4" aria-hidden="false" data-slide="5"><div data-item-id="170857790" data-ad-component-type="wpa-tile" class="sans-serif mid-gray relative flex flex-column w-100 h-100" data-testid="product-tile-5"><a link-identifier="170857790" href="https://wrd.walmart.com/track?bt=1&amp;eventST=click&amp;plmt=sp-browse-bottom~desktop~&amp;pos=6&amp;tax=976759_976787_1001390&amp;rdf=1&amp;rd=https%3A%2F%2Fwww.walmart.com%2Fip%2F%2F170857790&amp;adUid=9cb006fa-5d68-4e09-a8e1-501858ef41d0&amp;mloc=sp-browse-bottom&amp;pltfm=desktop&amp;pgId=976759_976787_1001390&amp;pt=browse&amp;spQs=h-UlNFlQ6jaSS79lBnzqiW3T-0kWkcijX5sqlXtdVSjRta7enHaQnmQQRbvGTu3iWKvR14TEDNtcHJImGAAPF2UFXc8tey4P1HUkb9cyiKWHz7MavGDeatqZ5SLf4KCwcfjkAaHrUpFJw6OfXOa1jMN1WHI8aA97VIJB7gv5JyU&amp;storeId=3081&amp;bkt=2404" class="absolute w-100 h-100 z-1"><span class="w_R">LesserEvil Grain-Free Veggie Sticks, Himalayan Pink Salt, 4.5 oz</span></a><div class="h2 relative mv2"></div><div class="relative"><div class="relative overflow-hidden" style="max-width: 226px; height: 0px; padding-bottom: min(226px, 100%); align-self: center; width: min(226px, 100%);"><img loading="lazy" srcset="https://i5.walmartimages.com/asr/a358ee7e-3c9b-4c17-8125-5fd24df442b9.002a5d47265fbcf6f171a06b6f11cd92.png?odnHeight=226&amp;odnWidth=226&amp;odnBg=FFFFFF 1x, https://i5.walmartimages.com/asr/a358ee7e-3c9b-4c17-8125-5fd24df442b9.002a5d47265fbcf6f171a06b6f11cd92.png?odnHeight=576&amp;odnWidth=576&amp;odnBg=FFFFFF 2x" class="absolute top-0 left-0" data-testid="productTileImage" alt="" src="https://i5.walmartimages.com/asr/a358ee7e-3c9b-4c17-8125-5fd24df442b9.002a5d47265fbcf6f171a06b6f11cd92.png?odnHeight=576&amp;odnWidth=576&amp;odnBg=FFFFFF" width="" height=""></div><div class="z-2 absolute bottom--1"><div class="dib relative"><button class="w_AP w_AR w_AW pointer bn bg-blue hover-bg-dark-blue white sans-serif b w-auto ph2 flex items-center justify-center shadow-1" type="button" aria-label="Add to cart - LesserEvil Grain-Free Veggie Sticks, Himalayan Pink Salt, 4.5 oz"><i class="ld ld-Plus" style="font-size: 1.5rem; vertical-align: -0.25em;" title="add to cart"></i><span class="mr2">Add</span></button></div></div></div><div class="mt5 mb1" style="height: 24px;" data-testid="variant-170857790"></div><div class="flex flex-wrap justify-start items-center lh-title mb2 mb1-m"><div class="b black f5 mr1 mr2-xl lh-copy f4-l" aria-hidden="true">$7.08</div><span class="w_R">current price $7.08</span></div><span class="w_N" style="-webkit-line-clamp: 3; padding-bottom: 0em; margin-bottom: 0em;"><span class="f6 f5-l normal dark-gray mb0 mt1 lh-title">LesserEvil Grain-Free Veggie Sticks, Himalayan Pink Salt, 4.5 oz</span></span><div class="mt2 flex items-center"><span class="black inline-flex mr1"><i class="ld ld-StarFill" style="font-size: 12px; vertical-align: -0.175em;" aria-hidden="true"></i><i class="ld ld-StarFill" style="font-size: 12px; vertical-align: -0.175em;" aria-hidden="true"></i><i class="ld ld-StarFill" style="font-size: 12px; vertical-align: -0.175em;" aria-hidden="true"></i><i class="ld ld-StarFill" style="font-size: 12px; vertical-align: -0.175em;" aria-hidden="true"></i><i class="ld ld-Star" style="font-size: 12px; vertical-align: -0.175em;" aria-hidden="true"></i></span><span class="sans-serif gray f7" aria-hidden="true">64</span><span class="w_R">4 out of 5 Stars. 64 reviews</span></div><div class="mt2 mb2"><span class="w_Du w_D0 w_D4 mr1 mt1 ph1">1-day shipping</span></div></div></li><li class="flex flex-column items-center pa1 pr2 pb2 pr4" aria-hidden="true" data-slide="6" style="scroll-snap-align: start;"><div data-item-id="381693694" data-ad-component-type="wpa-tile" class="sans-serif mid-gray relative flex flex-column w-100 h-100" data-testid="product-tile-6"><a link-identifier="381693694" href="https://wrd.walmart.com/track?bt=1&amp;eventST=click&amp;plmt=sp-browse-bottom~desktop~&amp;pos=7&amp;tax=976759_976787_1001390&amp;rdf=1&amp;rd=https%3A%2F%2Fwww.walmart.com%2Fip%2F%2F381693694&amp;adUid=9cb006fa-5d68-4e09-a8e1-501858ef41d0&amp;mloc=sp-browse-bottom&amp;pltfm=desktop&amp;pgId=976759_976787_1001390&amp;pt=browse&amp;spQs=X_MXUHVEGNC736zx5t8hoI2uZiaOBjY5Bml4rtIEd5ng4ykc7n2GnpbHl8uIwG8sRXaaJp8BawKyu63XSIkzTvXIf72oMj0rtD8rT1GeY1tEpWrED-xnXtsxl-3vqpncJYwXeCnfUxeq_RtYU5NNy5_hY77YR63F4vT1OjKvkNs&amp;storeId=3081&amp;bkt=2404" class="absolute w-100 h-100 z-1"><span class="w_R">Real Food From The Ground Up Cauliflower Sea Salt Stalks, 4 oz bag</span></a><div class="h2 relative mv2"></div><div class="relative"><div class="relative overflow-hidden" style="max-width: 226px; height: 0px; padding-bottom: min(226px, 100%); align-self: center; width: min(226px, 100%);"><img loading="lazy" srcset="https://i5.walmartimages.com/asr/8392fee5-d9c4-4766-ae1e-2152e4b331ef.c8bad780badde70ed05480256b74591b.jpeg?odnHeight=226&amp;odnWidth=226&amp;odnBg=FFFFFF 1x, https://i5.walmartimages.com/asr/8392fee5-d9c4-4766-ae1e-2152e4b331ef.c8bad780badde70ed05480256b74591b.jpeg?odnHeight=576&amp;odnWidth=576&amp;odnBg=FFFFFF 2x" class="absolute top-0 left-0" data-testid="productTileImage" alt="" src="https://i5.walmartimages.com/asr/8392fee5-d9c4-4766-ae1e-2152e4b331ef.c8bad780badde70ed05480256b74591b.jpeg?odnHeight=576&amp;odnWidth=576&amp;odnBg=FFFFFF" width="" height=""></div><div class="z-2 absolute bottom--1"><div class="dib relative"><button class="w_AP w_AR w_AW pointer bn bg-blue hover-bg-dark-blue white sans-serif b w-auto ph2 flex items-center justify-center shadow-1" type="button" aria-label="Add to cart - Real Food From The Ground Up Cauliflower Sea Salt Stalks, 4 oz bag"><i class="ld ld-Plus" style="font-size: 1.5rem; vertical-align: -0.25em;" title="add to cart"></i><span class="mr2">Add</span></button></div></div></div><div class="mt5 mb1" style="height: 24px;" data-testid="variant-381693694"></div><div class="flex flex-wrap justify-start items-center lh-title mb2 mb1-m"><div class="b black f5 mr1 mr2-xl lh-copy f4-l" aria-hidden="true">$3.99</div><span class="w_R">current price $3.99</span></div><span class="w_N" style="-webkit-line-clamp: 3; padding-bottom: 0em; margin-bottom: 0em;"><span class="f6 f5-l normal dark-gray mb0 mt1 lh-title">Real Food From The Ground Up Cauliflower Sea Salt Stalks, 4 oz bag</span></span><div class="mt2 flex items-center"><span class="black inline-flex mr1"><i class="ld ld-StarFill" style="font-size: 12px; vertical-align: -0.175em;" aria-hidden="true"></i><i class="ld ld-StarFill" style="font-size: 12px; vertical-align: -0.175em;" aria-hidden="true"></i><i class="ld ld-StarFill" style="font-size: 12px; vertical-align: -0.175em;" aria-hidden="true"></i><i class="ld ld-StarFill" style="font-size: 12px; vertical-align: -0.175em;" aria-hidden="true"></i><i class="ld ld-StarHalf" style="font-size: 12px; vertical-align: -0.175em;" aria-hidden="true"></i></span><span class="sans-serif gray f7" aria-hidden="true">14</span><span class="w_R">4.5 out of 5 Stars. 14 reviews</span></div><div class="mt2 mb2"><span class="w_Du w_D0 w_D4 mr1 mt1 ph1">Pickup</span><span class="w_Du w_D0 w_D4 mr1 mt1 ph1">Delivery</span><span class="w_Du w_D0 w_D4 mr1 mt1 ph1">1-day shipping</span></div></div></li><li class="flex flex-column items-center pa1 pr2 pb2 pr4" aria-hidden="true" data-slide="7"><div data-item-id="10996960" data-ad-component-type="wpa-tile" class="sans-serif mid-gray relative flex flex-column w-100 h-100" data-testid="product-tile-7"><a link-identifier="10996960" href="https://wrd.walmart.com/track?bt=1&amp;eventST=click&amp;plmt=sp-browse-bottom~desktop~&amp;pos=8&amp;tax=976759_976787_1001390&amp;rdf=1&amp;rd=https%3A%2F%2Fwww.walmart.com%2Fip%2F%2F10996960&amp;adUid=9cb006fa-5d68-4e09-a8e1-501858ef41d0&amp;mloc=sp-browse-bottom&amp;pltfm=desktop&amp;pgId=976759_976787_1001390&amp;pt=browse&amp;spQs=IMTxoUo8okzBjJvIjyeZsypCO1FOxjjqZQhErCH6SC_KBp9ymu7qBvidOOsQQUd-IZMJUC4wwE4XVeebxUxodO2FnLCnTkTeS1A5snLBzsZjLGOZ8k74fvX0mpZM4QDQresGIT0cPePncGJYTDM0bqAfUi2YxG3EXFuN00j2aaI&amp;storeId=3081&amp;bkt=2404" class="absolute w-100 h-100 z-1"><span class="w_R">Cheez-It Cheese Crackers, Baked Snack Crackers, Office and Kids Snacks, Original, 21 Oz, Box</span></a><div class="h2 relative mv2"></div><div class="relative"><div class="relative overflow-hidden" style="max-width: 226px; height: 0px; padding-bottom: min(226px, 100%); align-self: center; width: min(226px, 100%);"><img loading="lazy" srcset="https://i5.walmartimages.com/asr/70420dbf-734d-4021-a9dc-a89e8d973da0.780e1e130a99773fc08221698812cdf0.jpeg?odnHeight=226&amp;odnWidth=226&amp;odnBg=FFFFFF 1x, https://i5.walmartimages.com/asr/70420dbf-734d-4021-a9dc-a89e8d973da0.780e1e130a99773fc08221698812cdf0.jpeg?odnHeight=576&amp;odnWidth=576&amp;odnBg=FFFFFF 2x" class="absolute top-0 left-0" data-testid="productTileImage" alt="" src="https://i5.walmartimages.com/asr/70420dbf-734d-4021-a9dc-a89e8d973da0.780e1e130a99773fc08221698812cdf0.jpeg?odnHeight=576&amp;odnWidth=576&amp;odnBg=FFFFFF" width="" height=""></div><div class="z-2 absolute bottom--1"><div class="dib relative"><button class="w_AP w_AR w_AW pointer bn bg-blue hover-bg-dark-blue white sans-serif b w-auto ph2 flex items-center justify-center shadow-1" type="button" aria-label="Add to cart - Cheez-It Cheese Crackers, Baked Snack Crackers, Office and Kids Snacks, Original, 21 Oz, Box"><i class="ld ld-Plus" style="font-size: 1.5rem; vertical-align: -0.25em;" title="add to cart"></i><span class="mr2">Add</span></button></div></div></div><div class="mt5 mb1" style="height: 24px;" data-testid="variant-10996960"></div><div class="flex flex-wrap justify-start items-center lh-title mb2 mb1-m"><div class="b black f5 mr1 mr2-xl lh-copy f4-l" aria-hidden="true">$4.98</div><span class="w_R">current price $4.98</span><div class="f7 f6-l gray mr1">23.7 ¢/oz</div></div><span class="w_N" style="-webkit-line-clamp: 3; padding-bottom: 0em; margin-bottom: 0em;"><span class="f6 f5-l normal dark-gray mb0 mt1 lh-title">Cheez-It Cheese Crackers, Baked Snack Crackers, Office and Kids Snacks, Original, 21 Oz, Box</span></span><div class="mt2 flex items-center"><span class="black inline-flex mr1"><i class="ld ld-StarFill" style="font-size: 12px; vertical-align: -0.175em;" aria-hidden="true"></i><i class="ld ld-StarFill" style="font-size: 12px; vertical-align: -0.175em;" aria-hidden="true"></i><i class="ld ld-StarFill" style="font-size: 12px; vertical-align: -0.175em;" aria-hidden="true"></i><i class="ld ld-StarFill" style="font-size: 12px; vertical-align: -0.175em;" aria-hidden="true"></i><i class="ld ld-StarHalf" style="font-size: 12px; vertical-align: -0.175em;" aria-hidden="true"></i></span><span class="sans-serif gray f7" aria-hidden="true">1936</span><span class="w_R">4.7 out of 5 Stars. 1936 reviews</span></div><div class="mt2 mb2"><span class="w_Du w_D0 w_D4 mr1 mt1 ph1">Pickup</span><span class="w_Du w_D0 w_D4 mr1 mt1 ph1">Delivery</span></div></div></li><li class="flex flex-column items-center pa1 pr2 pb2 pr4" aria-hidden="true" data-slide="8"><div data-item-id="20918547" data-ad-component-type="wpa-tile" class="sans-serif mid-gray relative flex flex-column w-100 h-100" data-testid="product-tile-8"><a link-identifier="20918547" href="https://wrd.walmart.com/track?bt=1&amp;eventST=click&amp;plmt=sp-browse-bottom~desktop~&amp;pos=9&amp;tax=976759_976787_1001390&amp;rdf=1&amp;rd=https%3A%2F%2Fwww.walmart.com%2Fip%2F%2F20918547&amp;adUid=9cb006fa-5d68-4e09-a8e1-501858ef41d0&amp;mloc=sp-browse-bottom&amp;pltfm=desktop&amp;pgId=976759_976787_1001390&amp;pt=browse&amp;spQs=Edeu9EpPsUg8xh8pmWn1GToewEH8LRcbahqLoebVw9PbapmfVikQR_WCt_mkX5FEUfqHlRoSzwcIn8cYyr8JsmlPTLwHnF38Otax1UQeq6cN7t_R9bKIo19w7KOdOoqjjHSbJjaonLO97JentH6TKnl_-J_edZEk2ZAnhOqp1N8&amp;storeId=3081&amp;bkt=2404" class="absolute w-100 h-100 z-1"><span class="w_R">Mission Tortilla Chips Triangles, 13 Oz</span></a><div class="h2 relative mv2"></div><div class="relative"><div class="relative overflow-hidden" style="max-width: 226px; height: 0px; padding-bottom: min(226px, 100%); align-self: center; width: min(226px, 100%);"><img loading="lazy" srcset="https://i5.walmartimages.com/asr/1efd38d5-9903-4fe9-ad09-d839bf51453a.4f81803c1daace24ad7e22c5d613d25f.jpeg?odnHeight=226&amp;odnWidth=226&amp;odnBg=FFFFFF 1x, https://i5.walmartimages.com/asr/1efd38d5-9903-4fe9-ad09-d839bf51453a.4f81803c1daace24ad7e22c5d613d25f.jpeg?odnHeight=576&amp;odnWidth=576&amp;odnBg=FFFFFF 2x" class="absolute top-0 left-0" data-testid="productTileImage" alt="" src="https://i5.walmartimages.com/asr/1efd38d5-9903-4fe9-ad09-d839bf51453a.4f81803c1daace24ad7e22c5d613d25f.jpeg?odnHeight=576&amp;odnWidth=576&amp;odnBg=FFFFFF" width="" height=""></div><div class="z-2 absolute bottom--1"><div class="dib relative"><button class="w_AP w_AR w_AW pointer bn bg-blue hover-bg-dark-blue white sans-serif b w-auto ph2 flex items-center justify-center shadow-1" type="button" aria-label="Add to cart - Mission Tortilla Chips Triangles, 13 Oz"><i class="ld ld-Plus" style="font-size: 1.5rem; vertical-align: -0.25em;" title="add to cart"></i><span class="mr2">Add</span></button></div></div></div><div class="mt5 mb1" style="height: 24px;" data-testid="variant-20918547"></div><div class="flex flex-wrap justify-start items-center lh-title mb2 mb1-m"><div class="b black f5 mr1 mr2-xl lh-copy f4-l" aria-hidden="true">$2.44</div><span class="w_R">current price $2.44</span><div class="f7 f6-l gray mr1">18.8 ¢/oz</div></div><span class="w_N" style="-webkit-line-clamp: 3; padding-bottom: 0em; margin-bottom: 0em;"><span class="f6 f5-l normal dark-gray mb0 mt1 lh-title">Mission Tortilla Chips Triangles, 13 Oz</span></span><div class="mt2 flex items-center"><span class="black inline-flex mr1"><i class="ld ld-StarFill" style="font-size: 12px; vertical-align: -0.175em;" aria-hidden="true"></i><i class="ld ld-StarFill" style="font-size: 12px; vertical-align: -0.175em;" aria-hidden="true"></i><i class="ld ld-StarFill" style="font-size: 12px; vertical-align: -0.175em;" aria-hidden="true"></i><i class="ld ld-StarFill" style="font-size: 12px; vertical-align: -0.175em;" aria-hidden="true"></i><i class="ld ld-StarHalf" style="font-size: 12px; vertical-align: -0.175em;" aria-hidden="true"></i></span><span class="sans-serif gray f7" aria-hidden="true">59</span><span class="w_R">4.4 out of 5 Stars. 59 reviews</span></div><div class="mt2 mb2"><span class="w_Du w_D0 w_D4 mr1 mt1 ph1">3+ day shipping</span></div></div></li><li class="flex flex-column items-center pa1 pr2 pb2 pr4" aria-hidden="true" data-slide="9"><div data-item-id="276995950" data-ad-component-type="wpa-tile" class="sans-serif mid-gray relative flex flex-column w-100 h-100" data-testid="product-tile-9"><a link-identifier="276995950" href="https://wrd.walmart.com/track?bt=1&amp;eventST=click&amp;plmt=sp-browse-bottom~desktop~&amp;pos=10&amp;tax=976759_976787_1001390&amp;rdf=1&amp;rd=https%3A%2F%2Fwww.walmart.com%2Fip%2F%2F276995950&amp;adUid=9cb006fa-5d68-4e09-a8e1-501858ef41d0&amp;mloc=sp-browse-bottom&amp;pltfm=desktop&amp;pgId=976759_976787_1001390&amp;pt=browse&amp;spQs=lAm3kXVr8ci-EEWnR7Z37Y2uZiaOBjY5Bml4rtIEd5ng4ykc7n2GnpbHl8uIwG8sRXaaJp8BawKyu63XSIkzTvXIf72oMj0rtD8rT1GeY1vaDIExvaROux9nTaf0N0DBAR-R35wMaW9hdruFRdOFxip8lF568S0dF79KlhZYKVY&amp;storeId=3081&amp;bkt=2404" class="absolute w-100 h-100 z-1"><span class="w_R">Real Food From The Ground Up Cauliflower Cheddar Stalks, 4 oz bag</span></a><div class="h2 relative mv2"></div><div class="relative"><div class="relative overflow-hidden" style="max-width: 226px; height: 0px; padding-bottom: min(226px, 100%); align-self: center; width: min(226px, 100%);"><img loading="lazy" srcset="https://i5.walmartimages.com/asr/c63a9486-c3b3-4314-af40-411c5b7089e6.860ca6eb733a2b1474fd27a9eed0210b.jpeg?odnHeight=226&amp;odnWidth=226&amp;odnBg=FFFFFF 1x, https://i5.walmartimages.com/asr/c63a9486-c3b3-4314-af40-411c5b7089e6.860ca6eb733a2b1474fd27a9eed0210b.jpeg?odnHeight=576&amp;odnWidth=576&amp;odnBg=FFFFFF 2x" class="absolute top-0 left-0" data-testid="productTileImage" alt="" src="https://i5.walmartimages.com/asr/c63a9486-c3b3-4314-af40-411c5b7089e6.860ca6eb733a2b1474fd27a9eed0210b.jpeg?odnHeight=576&amp;odnWidth=576&amp;odnBg=FFFFFF" width="" height=""></div><div class="z-2 absolute bottom--1"><div class="dib relative"><button class="w_AP w_AR w_AW pointer bn bg-blue hover-bg-dark-blue white sans-serif b w-auto ph2 flex items-center justify-center shadow-1" type="button" aria-label="Add to cart - Real Food From The Ground Up Cauliflower Cheddar Stalks, 4 oz bag"><i class="ld ld-Plus" style="font-size: 1.5rem; vertical-align: -0.25em;" title="add to cart"></i><span class="mr2">Add</span></button></div></div></div><div class="mt5 mb1" style="height: 24px;" data-testid="variant-276995950"></div><div class="flex flex-wrap justify-start items-center lh-title mb2 mb1-m"><div class="b black f5 mr1 mr2-xl lh-copy f4-l" aria-hidden="true">$3.99</div><span class="w_R">current price $3.99</span></div><span class="w_N" style="-webkit-line-clamp: 3; padding-bottom: 0em; margin-bottom: 0em;"><span class="f6 f5-l normal dark-gray mb0 mt1 lh-title">Real Food From The Ground Up Cauliflower Cheddar Stalks, 4 oz bag</span></span><div class="mt2 flex items-center"><span class="black inline-flex mr1"><i class="ld ld-StarFill" style="font-size: 12px; vertical-align: -0.175em;" aria-hidden="true"></i><i class="ld ld-StarFill" style="font-size: 12px; vertical-align: -0.175em;" aria-hidden="true"></i><i class="ld ld-StarFill" style="font-size: 12px; vertical-align: -0.175em;" aria-hidden="true"></i><i class="ld ld-StarFill" style="font-size: 12px; vertical-align: -0.175em;" aria-hidden="true"></i><i class="ld ld-StarHalf" style="font-size: 12px; vertical-align: -0.175em;" aria-hidden="true"></i></span><span class="sans-serif gray f7" aria-hidden="true">9</span><span class="w_R">4.6 out of 5 Stars. 9 reviews</span></div><div class="mt2 mb2"><span class="w_Du w_D0 w_D4 mr1 mt1 ph1">1-day shipping</span></div></div></li><li class="flex flex-column items-center pa1 pr2 pb2 pr4" aria-hidden="true" data-slide="10"><div data-item-id="37846306" data-ad-component-type="wpa-tile" class="sans-serif mid-gray relative flex flex-column w-100 h-100" data-testid="product-tile-10"><a link-identifier="37846306" href="https://wrd.walmart.com/track?bt=1&amp;eventST=click&amp;plmt=sp-browse-bottom~desktop~&amp;pos=11&amp;tax=976759_976787_1001390&amp;rdf=1&amp;rd=https%3A%2F%2Fwww.walmart.com%2Fip%2F%2F37846306&amp;adUid=9cb006fa-5d68-4e09-a8e1-501858ef41d0&amp;mloc=sp-browse-bottom&amp;pltfm=desktop&amp;pgId=976759_976787_1001390&amp;pt=browse&amp;spQs=cy47kg7oUk8TBxSTmDqgXX3sPTCbzuu2KxATMlfHmNX9xdc7ZSaDuzgKJCAtgDQXaOQcBf0xbRDgb0MFDIBlBLe41o0RiZb6mVGMaoAfr85jLGOZ8k74fvX0mpZM4QDQaexazt8nz51QXoRtv5LLX-CcCD_pUZ96Mhlv9TBm2Gc&amp;storeId=3081&amp;bkt=2404" class="absolute w-100 h-100 z-1"><span class="w_R">Takis Stix Flare Corn Sticks, Chili Pepper and Lime Flavored, 9.9 Ounce Bag</span></a><div class="h2 relative mv2"></div><div class="relative"><div class="relative overflow-hidden" style="max-width: 226px; height: 0px; padding-bottom: min(226px, 100%); align-self: center; width: min(226px, 100%);"><img loading="lazy" srcset="https://i5.walmartimages.com/asr/4ea730b9-4db6-40d6-b4ae-20eb24a8e852.bb446271f9c02ad77bb4338c96063759.jpeg?odnHeight=226&amp;odnWidth=226&amp;odnBg=FFFFFF 1x, https://i5.walmartimages.com/asr/4ea730b9-4db6-40d6-b4ae-20eb24a8e852.bb446271f9c02ad77bb4338c96063759.jpeg?odnHeight=576&amp;odnWidth=576&amp;odnBg=FFFFFF 2x" class="absolute top-0 left-0" data-testid="productTileImage" alt="" src="https://i5.walmartimages.com/asr/4ea730b9-4db6-40d6-b4ae-20eb24a8e852.bb446271f9c02ad77bb4338c96063759.jpeg?odnHeight=576&amp;odnWidth=576&amp;odnBg=FFFFFF" width="" height=""></div><div class="z-2 absolute bottom--1"><div class="dib relative"><button class="w_AP w_AR w_AW pointer bn bg-blue hover-bg-dark-blue white sans-serif b w-auto ph2 flex items-center justify-center shadow-1" type="button" aria-label="Add to cart - Takis Stix Flare Corn Sticks, Chili Pepper and Lime Flavored, 9.9 Ounce Bag"><i class="ld ld-Plus" style="font-size: 1.5rem; vertical-align: -0.25em;" title="add to cart"></i><span class="mr2">Add</span></button></div></div></div><div class="mt5 mb1" style="height: 24px;" data-testid="variant-37846306"></div><div class="flex flex-wrap justify-start items-center lh-title mb2 mb1-m"><div class="b black f5 mr1 mr2-xl lh-copy f4-l" aria-hidden="true">$2.88</div><span class="w_R">current price $2.88</span><div class="f7 f6-l gray mr1">29.1 ¢/oz</div></div><span class="w_N" style="-webkit-line-clamp: 3; padding-bottom: 0em; margin-bottom: 0em;"><span class="f6 f5-l normal dark-gray mb0 mt1 lh-title">Takis Stix Flare Corn Sticks, Chili Pepper and Lime Flavored, 9.9 Ounce Bag</span></span><div class="mt2 flex items-center"><span class="black inline-flex mr1"><i class="ld ld-StarFill" style="font-size: 12px; vertical-align: -0.175em;" aria-hidden="true"></i><i class="ld ld-StarFill" style="font-size: 12px; vertical-align: -0.175em;" aria-hidden="true"></i><i class="ld ld-StarFill" style="font-size: 12px; vertical-align: -0.175em;" aria-hidden="true"></i><i class="ld ld-StarFill" style="font-size: 12px; vertical-align: -0.175em;" aria-hidden="true"></i><i class="ld ld-StarHalf" style="font-size: 12px; vertical-align: -0.175em;" aria-hidden="true"></i></span><span class="sans-serif gray f7" aria-hidden="true">16</span><span class="w_R">4.4 out of 5 Stars. 16 reviews</span></div><div class="mt2 mb2"><span class="w_Du w_D0 w_D4 mr1 mt1 ph1">Pickup</span><span class="w_Du w_D0 w_D4 mr1 mt1 ph1">Delivery</span><span class="w_Du w_D0 w_D4 mr1 mt1 ph1">3+ day shipping</span></div></div></li><li class="flex flex-column items-center pa1 pr2 pb2 pr4" aria-hidden="true" data-slide="11"><div data-item-id="625087483" data-ad-component-type="wpa-tile" class="sans-serif mid-gray relative flex flex-column w-100 h-100" data-testid="product-tile-11"><a link-identifier="625087483" href="https://wrd.walmart.com/track?bt=1&amp;eventST=click&amp;plmt=sp-browse-bottom~desktop~&amp;pos=12&amp;tax=976759_976787_1001390&amp;rdf=1&amp;rd=https%3A%2F%2Fwww.walmart.com%2Fip%2F%2F625087483&amp;adUid=9cb006fa-5d68-4e09-a8e1-501858ef41d0&amp;mloc=sp-browse-bottom&amp;pltfm=desktop&amp;pgId=976759_976787_1001390&amp;pt=browse&amp;spQs=Qkcf1OJvY1Uy6yP0pVoM523T-0kWkcijX5sqlXtdVSjhRL7HVzLcSt2NUEXTzJp_RXaaJp8BawKyu63XSIkzTvXIf72oMj0rtD8rT1GeY1usAQNDtwmr6mg7khNAwJEeeT9NgbM_gt7RGL43lVqDbIDSxQw6Aemi4MiG7s0ps4c&amp;storeId=3081&amp;bkt=2404" class="absolute w-100 h-100 z-1"><span class="w_R">LesserEvil Gluten-Free Power Curls, Fiery Hot, 4 oz</span></a><div class="h2 relative mv2"></div><div class="relative"><div class="relative overflow-hidden" style="max-width: 226px; height: 0px; padding-bottom: min(226px, 100%); align-self: center; width: min(226px, 100%);"><img loading="lazy" srcset="https://i5.walmartimages.com/asr/36c0cd75-32df-43b2-b926-77b40b922aca.5a04b51ba9c7d463fb632001caa430a1.jpeg?odnHeight=226&amp;odnWidth=226&amp;odnBg=FFFFFF 1x, https://i5.walmartimages.com/asr/36c0cd75-32df-43b2-b926-77b40b922aca.5a04b51ba9c7d463fb632001caa430a1.jpeg?odnHeight=576&amp;odnWidth=576&amp;odnBg=FFFFFF 2x" class="absolute top-0 left-0" data-testid="productTileImage" alt="" src="https://i5.walmartimages.com/asr/36c0cd75-32df-43b2-b926-77b40b922aca.5a04b51ba9c7d463fb632001caa430a1.jpeg?odnHeight=576&amp;odnWidth=576&amp;odnBg=FFFFFF" width="" height=""></div><div class="z-2 absolute bottom--1"><div class="dib relative"><button class="w_AP w_AR w_AW pointer bn bg-blue hover-bg-dark-blue white sans-serif b w-auto ph2 flex items-center justify-center shadow-1" type="button" aria-label="Add to cart - LesserEvil Gluten-Free Power Curls, Fiery Hot, 4 oz"><i class="ld ld-Plus" style="font-size: 1.5rem; vertical-align: -0.25em;" title="add to cart"></i><span class="mr2">Add</span></button></div></div></div><div class="mt5 mb1" style="height: 24px;" data-testid="variant-625087483"></div><div class="flex flex-wrap justify-start items-center lh-title mb2 mb1-m"><div class="b black f5 mr1 mr2-xl lh-copy f4-l" aria-hidden="true">$6.99</div><span class="w_R">current price $6.99</span></div><span class="w_N" style="-webkit-line-clamp: 3; padding-bottom: 0em; margin-bottom: 0em;"><span class="f6 f5-l normal dark-gray mb0 mt1 lh-title">LesserEvil Gluten-Free Power Curls, Fiery Hot, 4 oz</span></span><div class="mt2 flex items-center"><span class="black inline-flex mr1"><i class="ld ld-StarFill" style="font-size: 12px; vertical-align: -0.175em;" aria-hidden="true"></i><i class="ld ld-StarFill" style="font-size: 12px; vertical-align: -0.175em;" aria-hidden="true"></i><i class="ld ld-StarFill" style="font-size: 12px; vertical-align: -0.175em;" aria-hidden="true"></i><i class="ld ld-StarFill" style="font-size: 12px; vertical-align: -0.175em;" aria-hidden="true"></i><i class="ld ld-StarHalf" style="font-size: 12px; vertical-align: -0.175em;" aria-hidden="true"></i></span><span class="sans-serif gray f7" aria-hidden="true">63</span><span class="w_R">4.4 out of 5 Stars. 63 reviews</span></div><div class="mt2 mb2"><span class="w_Du w_D0 w_D4 mr1 mt1 ph1">1-day shipping</span></div></div></li><li class="flex flex-column items-center pa1 pr2 pb2 pr4" aria-hidden="true" data-slide="12" style="scroll-snap-align: start;"><div data-item-id="314119702" data-ad-component-type="wpa-tile" class="sans-serif mid-gray relative flex flex-column w-100 h-100" data-testid="product-tile-12"><a link-identifier="314119702" href="https://wrd.walmart.com/track?bt=1&amp;eventST=click&amp;plmt=sp-browse-bottom~desktop~&amp;pos=13&amp;tax=976759_976787_1001390&amp;rdf=1&amp;rd=https%3A%2F%2Fwww.walmart.com%2Fip%2F%2F314119702&amp;adUid=9cb006fa-5d68-4e09-a8e1-501858ef41d0&amp;mloc=sp-browse-bottom&amp;pltfm=desktop&amp;pgId=976759_976787_1001390&amp;pt=browse&amp;spQs=l0d5R5ikD1J5LntP2xJYj3AZclqQnrrPtxs-J0J__Hrr_ezpIAMRkC2x7PC2yYWokAmcQPs7z_9wVD3Z2UsTD2jBpWV4b9DjmDhrullIONsc0QEAZV-nAyLNHLERwtfG7V5lcubcJT_8JhvxmzWNkgtcDPtdAWQLURQzapB7RmI&amp;storeId=3081&amp;bkt=2404" class="absolute w-100 h-100 z-1"><span class="w_R">HIPPEAS Organic, Vegan White Cheddar Chickpea Puffs, 1 oz, 6 Count</span></a><div class="h2 relative mv2"></div><div class="relative"><div class="relative overflow-hidden" style="max-width: 226px; height: 0px; padding-bottom: min(226px, 100%); align-self: center; width: min(226px, 100%);"><img loading="lazy" srcset="https://i5.walmartimages.com/asr/683b1024-441e-45b7-a86e-d98b3871d459.1b353a10fc7b16db38ad7b27248f01f4.jpeg?odnHeight=226&amp;odnWidth=226&amp;odnBg=FFFFFF 1x, https://i5.walmartimages.com/asr/683b1024-441e-45b7-a86e-d98b3871d459.1b353a10fc7b16db38ad7b27248f01f4.jpeg?odnHeight=576&amp;odnWidth=576&amp;odnBg=FFFFFF 2x" class="absolute top-0 left-0" data-testid="productTileImage" alt="" src="https://i5.walmartimages.com/asr/683b1024-441e-45b7-a86e-d98b3871d459.1b353a10fc7b16db38ad7b27248f01f4.jpeg?odnHeight=576&amp;odnWidth=576&amp;odnBg=FFFFFF" width="" height=""></div><div class="z-2 absolute bottom--1"><div class="dib relative"><button class="w_AP w_AR w_AW pointer bn bg-blue hover-bg-dark-blue white sans-serif b w-auto ph2 flex items-center justify-center shadow-1" type="button" aria-label="Add to cart - HIPPEAS Organic, Vegan White Cheddar Chickpea Puffs, 1 oz, 6 Count"><i class="ld ld-Plus" style="font-size: 1.5rem; vertical-align: -0.25em;" title="add to cart"></i><span class="mr2">Add</span></button></div></div></div><div class="mt5 mb1" style="height: 24px;" data-testid="variant-314119702"></div><div class="flex flex-wrap justify-start items-center lh-title mb2 mb1-m"><div class="b black f5 mr1 mr2-xl lh-copy f4-l" aria-hidden="true">$6.99</div><span class="w_R">current price $6.99</span><div class="f7 f6-l strike gray mr3" aria-hidden="true">$7.99</div><span class="w_R">was $7.99</span><div class="f7 f6-l gray mr1">$1.17/oz</div></div><span class="w_N" style="-webkit-line-clamp: 3; padding-bottom: 0em; margin-bottom: 0em;"><span class="f6 f5-l normal dark-gray mb0 mt1 lh-title">HIPPEAS Organic, Vegan White Cheddar Chickpea Puffs, 1 oz, 6 Count</span></span><div class="mt2 flex items-center"><span class="black inline-flex mr1"><i class="ld ld-StarFill" style="font-size: 12px; vertical-align: -0.175em;" aria-hidden="true"></i><i class="ld ld-StarFill" style="font-size: 12px; vertical-align: -0.175em;" aria-hidden="true"></i><i class="ld ld-StarFill" style="font-size: 12px; vertical-align: -0.175em;" aria-hidden="true"></i><i class="ld ld-StarFill" style="font-size: 12px; vertical-align: -0.175em;" aria-hidden="true"></i><i class="ld ld-StarFill" style="font-size: 12px; vertical-align: -0.175em;" aria-hidden="true"></i></span><span class="sans-serif gray f7" aria-hidden="true">20</span><span class="w_R">5 out of 5 Stars. 20 reviews</span></div><div class="mt2 mb2"><span class="w_Du w_D0 w_D4 mr1 mt1 ph1">1-day shipping</span></div></div></li><li class="flex flex-column items-center pa1 pr2 pb2 pr4" aria-hidden="true" data-slide="13"><div data-item-id="686231314" data-ad-component-type="wpa-tile" class="sans-serif mid-gray relative flex flex-column w-100 h-100" data-testid="product-tile-13"><a link-identifier="686231314" href="https://wrd.walmart.com/track?bt=1&amp;eventST=click&amp;plmt=sp-browse-bottom~desktop~&amp;pos=14&amp;tax=976759_976787_1001390&amp;rdf=1&amp;rd=https%3A%2F%2Fwww.walmart.com%2Fip%2F%2F686231314&amp;adUid=9cb006fa-5d68-4e09-a8e1-501858ef41d0&amp;mloc=sp-browse-bottom&amp;pltfm=desktop&amp;pgId=976759_976787_1001390&amp;pt=browse&amp;spQs=cGtPvgSyTW_Oracd1wV-r8SDOd8f6TQXNSiXOqbR12p68n6wbdjMtw_mwp97Wgz17R71gh5Kv90KGOC37NYPA0Rs59tqrz0XIbzFr7hfvK5XNk2Aob9VGON6KioyuZWX4q59grFCMXZii_hxEcImJxILyqvEsD0eurYfxo2ArjY&amp;storeId=3081&amp;bkt=2404" class="absolute w-100 h-100 z-1"><span class="w_R">Youtopia Snacks Delicious 130-calorie Snack Packs, High-Protein Low-Sugar Low-calorie Gluten-free Non-GMO Healthy Snacks, 1oz Snack Packs (Pack of 10), Variety Pack</span></a><div class="h2 relative mv2"></div><div class="relative"><div class="relative overflow-hidden" style="max-width: 226px; height: 0px; padding-bottom: min(226px, 100%); align-self: center; width: min(226px, 100%);"><img loading="lazy" srcset="https://i5.walmartimages.com/asr/06987d82-a556-49a0-8fb9-09a85240dfb3_1.0fd9e3e3695847028821f3e26e7e7e7d.jpeg?odnHeight=226&amp;odnWidth=226&amp;odnBg=FFFFFF 1x, https://i5.walmartimages.com/asr/06987d82-a556-49a0-8fb9-09a85240dfb3_1.0fd9e3e3695847028821f3e26e7e7e7d.jpeg?odnHeight=576&amp;odnWidth=576&amp;odnBg=FFFFFF 2x" class="absolute top-0 left-0" data-testid="productTileImage" alt="" src="https://i5.walmartimages.com/asr/06987d82-a556-49a0-8fb9-09a85240dfb3_1.0fd9e3e3695847028821f3e26e7e7e7d.jpeg?odnHeight=576&amp;odnWidth=576&amp;odnBg=FFFFFF" width="" height=""></div><div class="z-2 absolute bottom--1"><div class="dib relative"><button class="w_AP w_AR w_AW pointer bn bg-blue hover-bg-dark-blue white sans-serif b w-auto ph2 flex items-center justify-center shadow-1" type="button" aria-label="Add to cart - Youtopia Snacks Delicious 130-calorie Snack Packs, High-Protein Low-Sugar Low-calorie Gluten-free Non-GMO Healthy Snacks, 1oz Snack Packs (Pack of 10), Variety Pack"><i class="ld ld-Plus" style="font-size: 1.5rem; vertical-align: -0.25em;" title="add to cart"></i><span class="mr2">Add</span></button></div></div></div><div class="mt5 mb1" style="height: 24px;" data-testid="variant-686231314"></div><div class="flex flex-wrap justify-start items-center lh-title mb2 mb1-m"><div class="b black f5 mr1 mr2-xl lh-copy f4-l" aria-hidden="true">$26.95</div><span class="w_R">current price $26.95</span></div><span class="w_N" style="-webkit-line-clamp: 3; padding-bottom: 0em; margin-bottom: 0em;"><span class="f6 f5-l normal dark-gray mb0 mt1 lh-title">Youtopia Snacks Delicious 130-calorie Snack Packs, High-Protein Low-Sugar Low-calorie Gluten-free Non-GMO Healthy Snacks, 1oz Snack Packs (Pack of 10), Variety Pack</span></span><div class="mt2 flex items-center"><span class="black inline-flex mr1"><i class="ld ld-StarFill" style="font-size: 12px; vertical-align: -0.175em;" aria-hidden="true"></i><i class="ld ld-StarFill" style="font-size: 12px; vertical-align: -0.175em;" aria-hidden="true"></i><i class="ld ld-StarFill" style="font-size: 12px; vertical-align: -0.175em;" aria-hidden="true"></i><i class="ld ld-StarFill" style="font-size: 12px; vertical-align: -0.175em;" aria-hidden="true"></i><i class="ld ld-StarFill" style="font-size: 12px; vertical-align: -0.175em;" aria-hidden="true"></i></span><span class="sans-serif gray f7" aria-hidden="true">11</span><span class="w_R">5 out of 5 Stars. 11 reviews</span></div><div class="mt2 mb2"><span class="w_Du w_D0 w_D4 mr1 mt1 ph1">2-day shipping</span></div></div></li><li class="flex flex-column items-center pa1 pr2 pb2 pr4" aria-hidden="true" data-slide="14"><div data-item-id="444521463" data-ad-component-type="wpa-tile" class="sans-serif mid-gray relative flex flex-column w-100 h-100" data-testid="product-tile-14"><a link-identifier="444521463" href="https://wrd.walmart.com/track?bt=1&amp;eventST=click&amp;plmt=sp-browse-bottom~desktop~&amp;pos=15&amp;tax=976759_976787_1001390&amp;rdf=1&amp;rd=https%3A%2F%2Fwww.walmart.com%2Fip%2F%2F444521463&amp;adUid=9cb006fa-5d68-4e09-a8e1-501858ef41d0&amp;mloc=sp-browse-bottom&amp;pltfm=desktop&amp;pgId=976759_976787_1001390&amp;pt=browse&amp;spQs=sdQIXcHRQCj4xeQjJsPgJrp7wzrxDKLQ3QfjOcdZJmiksLIKH8GdMHI51EBhDsz8coiqJW-89RRWjY6N_2kCTpE9Dt5eD5xF2jiSXUulVem7GfsTspGxKWXGwW2lp_glohZ7FSJY909zAWeZzv-XnhsP9N3EyGxxsH1BgZgk1Z4&amp;storeId=3081&amp;bkt=2404" class="absolute w-100 h-100 z-1"><span class="w_R">Takis Waves Fuego, Hot Chili Pepper and Lime Artificially Flavored Potato Chips, 2.5 Ounce Bag</span></a><div class="h2 relative mv2"></div><div class="relative"><div class="relative overflow-hidden" style="max-width: 226px; height: 0px; padding-bottom: min(226px, 100%); align-self: center; width: min(226px, 100%);"><img loading="lazy" srcset="https://i5.walmartimages.com/asr/bdab9947-40a1-443c-bb38-11d52a19947f.f2d592735a62aebcb63c2db31a5018e6.jpeg?odnHeight=226&amp;odnWidth=226&amp;odnBg=FFFFFF 1x, https://i5.walmartimages.com/asr/bdab9947-40a1-443c-bb38-11d52a19947f.f2d592735a62aebcb63c2db31a5018e6.jpeg?odnHeight=576&amp;odnWidth=576&amp;odnBg=FFFFFF 2x" class="absolute top-0 left-0" data-testid="productTileImage" alt="" src="https://i5.walmartimages.com/asr/bdab9947-40a1-443c-bb38-11d52a19947f.f2d592735a62aebcb63c2db31a5018e6.jpeg?odnHeight=576&amp;odnWidth=576&amp;odnBg=FFFFFF" width="" height=""></div><div class="z-2 absolute bottom--1"><div class="dib relative"><button class="w_AP w_AR w_AW pointer bn bg-blue hover-bg-dark-blue white sans-serif b w-auto ph2 flex items-center justify-center shadow-1" type="button" aria-label="Add to cart - Takis Waves Fuego, Hot Chili Pepper and Lime Artificially Flavored Potato Chips, 2.5 Ounce Bag"><i class="ld ld-Plus" style="font-size: 1.5rem; vertical-align: -0.25em;" title="add to cart"></i><span class="mr2">Add</span></button></div></div></div><div class="mt5 mb1" style="height: 24px;" data-testid="variant-444521463"></div><div class="flex flex-wrap justify-start items-center lh-title mb2 mb1-m"><div class="b black f5 mr1 mr2-xl lh-copy f4-l" aria-hidden="true">$1.68</div><span class="w_R">current price $1.68</span><div class="f7 f6-l gray mr1">67.2 ¢/oz</div></div><span class="w_N" style="-webkit-line-clamp: 3; padding-bottom: 0em; margin-bottom: 0em;"><span class="f6 f5-l normal dark-gray mb0 mt1 lh-title">Takis Waves Fuego, Hot Chili Pepper and Lime Artificially Flavored Potato Chips, 2.5 Ounce Bag</span></span><div class="mt2 flex items-center"><span class="black inline-flex mr1"><i class="ld ld-StarFill" style="font-size: 12px; vertical-align: -0.175em;" aria-hidden="true"></i><i class="ld ld-StarFill" style="font-size: 12px; vertical-align: -0.175em;" aria-hidden="true"></i><i class="ld ld-StarFill" style="font-size: 12px; vertical-align: -0.175em;" aria-hidden="true"></i><i class="ld ld-Star" style="font-size: 12px; vertical-align: -0.175em;" aria-hidden="true"></i><i class="ld ld-Star" style="font-size: 12px; vertical-align: -0.175em;" aria-hidden="true"></i></span><span class="sans-serif gray f7" aria-hidden="true">12</span><span class="w_R">3 out of 5 Stars. 12 reviews</span></div><div class="mt2 mb2"><span class="w_Du w_D0 w_D4 mr1 mt1 ph1">Pickup</span><span class="w_Du w_D0 w_D4 mr1 mt1 ph1">Delivery</span></div></div></li><li class="flex flex-column items-center pa1 pr2 pb2 pr4" aria-hidden="true" data-slide="15"><div data-item-id="393677356" data-ad-component-type="wpa-tile" class="sans-serif mid-gray relative flex flex-column w-100 h-100" data-testid="product-tile-15"><a link-identifier="393677356" href="https://wrd.walmart.com/track?bt=1&amp;eventST=click&amp;plmt=sp-browse-bottom~desktop~&amp;pos=16&amp;tax=976759_976787_1001390&amp;rdf=1&amp;rd=https%3A%2F%2Fwww.walmart.com%2Fip%2F%2F393677356&amp;adUid=9cb006fa-5d68-4e09-a8e1-501858ef41d0&amp;mloc=sp-browse-bottom&amp;pltfm=desktop&amp;pgId=976759_976787_1001390&amp;pt=browse&amp;spQs=cxcHEM7MgPj4awacWoS5EwXn7CtHXnVd1HwIb_73Kqq-WZXmi9CO-ZPsd_YBFUh8UfqHlRoSzwcIn8cYyr8JsmlPTLwHnF38Otax1UQeq6cN7t_R9bKIo19w7KOdOoqjbBn0WNG_VS03CO0UlqbweukqD8YynubozHWQow2i-fQ&amp;storeId=3081&amp;bkt=2404" class="absolute w-100 h-100 z-1"><span class="w_R">Kellogg's Club Cracker Crisps, Baked Snack Crackers, Ranch, 7.1 Oz, Bag</span></a><div class="h2 relative mv2"></div><div class="relative"><div class="relative overflow-hidden" style="max-width: 226px; height: 0px; padding-bottom: min(226px, 100%); align-self: center; width: min(226px, 100%);"><img loading="lazy" srcset="https://i5.walmartimages.com/asr/1d144658-b1e6-4ffa-a2f6-20ade7c88675.335c64a8aecb4b732922bb4cb5e29a28.jpeg?odnHeight=226&amp;odnWidth=226&amp;odnBg=FFFFFF 1x, https://i5.walmartimages.com/asr/1d144658-b1e6-4ffa-a2f6-20ade7c88675.335c64a8aecb4b732922bb4cb5e29a28.jpeg?odnHeight=576&amp;odnWidth=576&amp;odnBg=FFFFFF 2x" class="absolute top-0 left-0" data-testid="productTileImage" alt="" src="https://i5.walmartimages.com/asr/1d144658-b1e6-4ffa-a2f6-20ade7c88675.335c64a8aecb4b732922bb4cb5e29a28.jpeg?odnHeight=576&amp;odnWidth=576&amp;odnBg=FFFFFF" width="" height=""></div><div class="z-2 absolute bottom--1"><div class="dib relative"><button class="w_AP w_AR w_AW pointer bn bg-blue hover-bg-dark-blue white sans-serif b w-auto ph2 flex items-center justify-center shadow-1" type="button" aria-label="Add to cart - Kellogg's Club Cracker Crisps, Baked Snack Crackers, Ranch, 7.1 Oz, Bag"><i class="ld ld-Plus" style="font-size: 1.5rem; vertical-align: -0.25em;" title="add to cart"></i><span class="mr2">Add</span></button></div></div></div><div class="mt5 mb1" style="height: 24px;" data-testid="variant-393677356"></div><div class="flex flex-wrap justify-start items-center lh-title mb2 mb1-m"><div class="b black f5 mr1 mr2-xl lh-copy f4-l" aria-hidden="true">$3.14</div><span class="w_R">current price $3.14</span><div class="f7 f6-l gray mr1">44.2 ¢/oz</div></div><span class="w_N" style="-webkit-line-clamp: 3; padding-bottom: 0em; margin-bottom: 0em;"><span class="f6 f5-l normal dark-gray mb0 mt1 lh-title">Kellogg's Club Cracker Crisps, Baked Snack Crackers, Ranch, 7.1 Oz, Bag</span></span><div class="mt2 flex items-center"><span class="black inline-flex mr1"><i class="ld ld-StarFill" style="font-size: 12px; vertical-align: -0.175em;" aria-hidden="true"></i><i class="ld ld-StarFill" style="font-size: 12px; vertical-align: -0.175em;" aria-hidden="true"></i><i class="ld ld-StarFill" style="font-size: 12px; vertical-align: -0.175em;" aria-hidden="true"></i><i class="ld ld-StarFill" style="font-size: 12px; vertical-align: -0.175em;" aria-hidden="true"></i><i class="ld ld-StarHalf" style="font-size: 12px; vertical-align: -0.175em;" aria-hidden="true"></i></span><span class="sans-serif gray f7" aria-hidden="true">85</span><span class="w_R">4.3 out of 5 Stars. 85 reviews</span></div><div class="mt2 mb2"><span class="w_Du w_D0 w_D4 mr1 mt1 ph1">Pickup</span><span class="w_Du w_D0 w_D4 mr1 mt1 ph1">Delivery</span></div></div></li><li class="flex flex-column items-center pa1 pr2 pb2 pr4" aria-hidden="true" data-slide="16"><div data-item-id="39360123" data-ad-component-type="wpa-tile" class="sans-serif mid-gray relative flex flex-column w-100 h-100" data-testid="product-tile-16"><a link-identifier="39360123" href="https://wrd.walmart.com/track?bt=1&amp;eventST=click&amp;plmt=sp-browse-bottom~desktop~&amp;pos=17&amp;tax=976759_976787_1001390&amp;rdf=1&amp;rd=https%3A%2F%2Fwww.walmart.com%2Fip%2F%2F39360123&amp;adUid=9cb006fa-5d68-4e09-a8e1-501858ef41d0&amp;mloc=sp-browse-bottom&amp;pltfm=desktop&amp;pgId=976759_976787_1001390&amp;pt=browse&amp;spQs=sfIp7AGizFA_47YOeIXrB78W0IFT28S_DT56n1Ge8Pzl7Vdo4qqaTD81C-0k7T7yIZMJUC4wwE4XVeebxUxodO2FnLCnTkTeS1A5snLBzsZjLGOZ8k74fvX0mpZM4QDQAMAOReQTTTtbXAqqAt1eWBMef6h1-3BOtqyjoyWKE-g&amp;storeId=3081&amp;bkt=2404" class="absolute w-100 h-100 z-1"><span class="w_R">Bugles Crispy Corn Snacks, Nacho Cheese, Family Size Snack Bag, 14.5 oz</span></a><div class="h2 relative mv2"></div><div class="relative"><div class="relative overflow-hidden" style="max-width: 226px; height: 0px; padding-bottom: min(226px, 100%); align-self: center; width: min(226px, 100%);"><img loading="lazy" srcset="https://i5.walmartimages.com/asr/c876b426-ab90-41c6-a16d-cd90c54451a2.96e27943e75178df402e02fb2d0e70ba.jpeg?odnHeight=226&amp;odnWidth=226&amp;odnBg=FFFFFF 1x, https://i5.walmartimages.com/asr/c876b426-ab90-41c6-a16d-cd90c54451a2.96e27943e75178df402e02fb2d0e70ba.jpeg?odnHeight=576&amp;odnWidth=576&amp;odnBg=FFFFFF 2x" class="absolute top-0 left-0" data-testid="productTileImage" alt="" src="https://i5.walmartimages.com/asr/c876b426-ab90-41c6-a16d-cd90c54451a2.96e27943e75178df402e02fb2d0e70ba.jpeg?odnHeight=576&amp;odnWidth=576&amp;odnBg=FFFFFF" width="" height=""></div><div class="z-2 absolute bottom--1"><div class="dib relative"><button class="w_AP w_AR w_AW pointer bn bg-blue hover-bg-dark-blue white sans-serif b w-auto ph2 flex items-center justify-center shadow-1" type="button" aria-label="Add to cart - Bugles Crispy Corn Snacks, Nacho Cheese, Family Size Snack Bag, 14.5 oz"><i class="ld ld-Plus" style="font-size: 1.5rem; vertical-align: -0.25em;" title="add to cart"></i><span class="mr2">Add</span></button></div></div></div><div class="mt5 mb1" style="height: 24px;" data-testid="variant-39360123"></div><div class="flex flex-wrap justify-start items-center lh-title mb2 mb1-m"><div class="b black f5 mr1 mr2-xl lh-copy f4-l" aria-hidden="true">$3.53</div><span class="w_R">current price $3.53</span><div class="f7 f6-l gray mr1">24.3 ¢/oz</div></div><span class="w_N" style="-webkit-line-clamp: 3; padding-bottom: 0em; margin-bottom: 0em;"><span class="f6 f5-l normal dark-gray mb0 mt1 lh-title">Bugles Crispy Corn Snacks, Nacho Cheese, Family Size Snack Bag, 14.5 oz</span></span><div class="mt2 flex items-center"><span class="black inline-flex mr1"><i class="ld ld-StarFill" style="font-size: 12px; vertical-align: -0.175em;" aria-hidden="true"></i><i class="ld ld-StarFill" style="font-size: 12px; vertical-align: -0.175em;" aria-hidden="true"></i><i class="ld ld-StarFill" style="font-size: 12px; vertical-align: -0.175em;" aria-hidden="true"></i><i class="ld ld-StarFill" style="font-size: 12px; vertical-align: -0.175em;" aria-hidden="true"></i><i class="ld ld-StarHalf" style="font-size: 12px; vertical-align: -0.175em;" aria-hidden="true"></i></span><span class="sans-serif gray f7" aria-hidden="true">72</span><span class="w_R">4.5 out of 5 Stars. 72 reviews</span></div><div class="mt2 mb2"><span class="w_Du w_D0 w_D4 mr1 mt1 ph1">Pickup</span><span class="w_Du w_D0 w_D4 mr1 mt1 ph1">Delivery</span><span class="w_Du w_D0 w_D4 mr1 mt1 ph1">3+ day shipping</span></div></div></li><li class="flex flex-column items-center pa1 pr2 pb2 pr4" aria-hidden="true" data-slide="17"><div data-item-id="114033511" data-ad-component-type="wpa-tile" class="sans-serif mid-gray relative flex flex-column w-100 h-100" data-testid="product-tile-17"><a link-identifier="114033511" href="https://wrd.walmart.com/track?bt=1&amp;eventST=click&amp;plmt=sp-browse-bottom~desktop~&amp;pos=18&amp;tax=976759_976787_1001390&amp;rdf=1&amp;rd=https%3A%2F%2Fwww.walmart.com%2Fip%2F%2F114033511&amp;adUid=9cb006fa-5d68-4e09-a8e1-501858ef41d0&amp;mloc=sp-browse-bottom&amp;pltfm=desktop&amp;pgId=976759_976787_1001390&amp;pt=browse&amp;spQs=KNCtGZyq4Blcco6tJiHReLyhfz8hVn0fSImXSDf3PNpN10GHRloDGXqIU0OEKyjC7R71gh5Kv90KGOC37NYPA0Rs59tqrz0XIbzFr7hfvK5W_1OLYpyBQ7Etwc3abiMlOJEdV98UIQZXHCn6vWjCNWhFi9paBsNZFf1QRaoJKGs&amp;storeId=3081&amp;bkt=2404" class="absolute w-100 h-100 z-1"><span class="w_R">LifeSeasons - Migra-T Migraine Relief Supplement - Natural Migraine &amp; Headache Relief - Reduce Light, Sound, and Odor Sensitivity - Contains Feverfew, Magnesium, and CoQ10 - 60 Capsules</span></a><div class="h2 relative mv2"></div><div class="relative"><div class="relative overflow-hidden" style="max-width: 226px; height: 0px; padding-bottom: min(226px, 100%); align-self: center; width: min(226px, 100%);"><img loading="lazy" srcset="https://i5.walmartimages.com/asr/7597f12c-862b-46f4-a80c-31044bbc4c65.50fcbed179c9cbf3ce82946bb88d86ec.jpeg?odnHeight=226&amp;odnWidth=226&amp;odnBg=FFFFFF 1x, https://i5.walmartimages.com/asr/7597f12c-862b-46f4-a80c-31044bbc4c65.50fcbed179c9cbf3ce82946bb88d86ec.jpeg?odnHeight=576&amp;odnWidth=576&amp;odnBg=FFFFFF 2x" class="absolute top-0 left-0" data-testid="productTileImage" alt="" src="https://i5.walmartimages.com/asr/7597f12c-862b-46f4-a80c-31044bbc4c65.50fcbed179c9cbf3ce82946bb88d86ec.jpeg?odnHeight=576&amp;odnWidth=576&amp;odnBg=FFFFFF" width="" height=""></div><div class="z-2 absolute bottom--1"><div class="dib relative"><button class="w_AP w_AR w_AW pointer bn bg-blue hover-bg-dark-blue white sans-serif b w-auto ph2 flex items-center justify-center shadow-1" type="button" aria-label="Add to cart - LifeSeasons - Migra-T Migraine Relief Supplement - Natural Migraine &amp; Headache Relief - Reduce Light, Sound, and Odor Sensitivity - Contains Feverfew, Magnesium, and CoQ10 - 60 Capsules"><i class="ld ld-Plus" style="font-size: 1.5rem; vertical-align: -0.25em;" title="add to cart"></i><span class="mr2">Add</span></button></div></div></div><div class="mt5 mb1" style="height: 24px;" data-testid="variant-114033511"></div><div class="flex flex-wrap justify-start items-center lh-title mb2 mb1-m"><div class="b black f5 mr1 mr2-xl lh-copy f4-l" aria-hidden="true">$28.04</div><span class="w_R">current price $28.04</span></div><span class="w_N" style="-webkit-line-clamp: 3; padding-bottom: 0em; margin-bottom: 0em;"><span class="f6 f5-l normal dark-gray mb0 mt1 lh-title">LifeSeasons - Migra-T Migraine Relief Supplement - Natural Migraine &amp; Headache Relief - Reduce Light, Sound, and Odor Sensitivity - Contains Feverfew, Magnesium, and CoQ10 - 60 Capsules</span></span><div class="mt2 mb2"><span class="w_Du w_D0 w_D4 mr1 mt1 ph1">2-day shipping</span></div></div></li><li class="flex flex-column items-center pa1 pr2 pb2 pr4" aria-hidden="true" data-slide="18" style="scroll-snap-align: start;"><div data-item-id="800286874" data-ad-component-type="wpa-tile" class="sans-serif mid-gray relative flex flex-column w-100 h-100" data-testid="product-tile-18"><a link-identifier="800286874" href="https://wrd.walmart.com/track?bt=1&amp;eventST=click&amp;plmt=sp-browse-bottom~desktop~&amp;pos=19&amp;tax=976759_976787_1001390&amp;rdf=1&amp;rd=https%3A%2F%2Fwww.walmart.com%2Fip%2F%2F800286874&amp;adUid=9cb006fa-5d68-4e09-a8e1-501858ef41d0&amp;mloc=sp-browse-bottom&amp;pltfm=desktop&amp;pgId=976759_976787_1001390&amp;pt=browse&amp;spQs=LeetYhPGbSPs-CXymg0FECqNmysbpHXbh6aKjEiLzYHxaysscYRrF4QTmglWAuogUfqHlRoSzwcIn8cYyr8Jsh73IcRRKIasas6hfBEMNC4N7t_R9bKIo19w7KOdOoqjcu3PKwdafb3ZTO61fHZaCrbcYhNSQM71VGDx7ASnwbU&amp;storeId=3081&amp;bkt=2404" class="absolute w-100 h-100 z-1"><span class="w_R">Cheez-It Snap'd Cheese Cracker Chips, Thin Crisps, Lunch Snacks, Cheddar Sour Cream Onion, 12 Oz, Bag</span></a><div class="h2 relative mv2"></div><div class="relative"><div class="relative overflow-hidden" style="max-width: 226px; height: 0px; padding-bottom: min(226px, 100%); align-self: center; width: min(226px, 100%);"><img loading="lazy" srcset="https://i5.walmartimages.com/asr/166e740e-be6b-4480-ad24-6a525da48e58.c0b65f9b97e87fdfe3966b5cd9d32db9.jpeg?odnHeight=226&amp;odnWidth=226&amp;odnBg=FFFFFF 1x, https://i5.walmartimages.com/asr/166e740e-be6b-4480-ad24-6a525da48e58.c0b65f9b97e87fdfe3966b5cd9d32db9.jpeg?odnHeight=576&amp;odnWidth=576&amp;odnBg=FFFFFF 2x" class="absolute top-0 left-0" data-testid="productTileImage" alt="" src="https://i5.walmartimages.com/asr/166e740e-be6b-4480-ad24-6a525da48e58.c0b65f9b97e87fdfe3966b5cd9d32db9.jpeg?odnHeight=576&amp;odnWidth=576&amp;odnBg=FFFFFF" width="" height=""></div><div class="z-2 absolute bottom--1"><div class="dib relative"><button class="w_AP w_AR w_AW pointer bn bg-blue hover-bg-dark-blue white sans-serif b w-auto ph2 flex items-center justify-center shadow-1" type="button" aria-label="Add to cart - Cheez-It Snap'd Cheese Cracker Chips, Thin Crisps, Lunch Snacks, Cheddar Sour Cream Onion, 12 Oz, Bag"><i class="ld ld-Plus" style="font-size: 1.5rem; vertical-align: -0.25em;" title="add to cart"></i><span class="mr2">Add</span></button></div></div></div><div class="mt5 mb1" style="height: 24px;" data-testid="variant-800286874"></div><div class="flex flex-wrap justify-start items-center lh-title mb2 mb1-m"><div class="b black f5 mr1 mr2-xl lh-copy f4-l" aria-hidden="true">$4.98</div><span class="w_R">current price $4.98</span><div class="f7 f6-l gray mr1">41.5 ¢/oz</div></div><span class="w_N" style="-webkit-line-clamp: 3; padding-bottom: 0em; margin-bottom: 0em;"><span class="f6 f5-l normal dark-gray mb0 mt1 lh-title">Cheez-It Snap'd Cheese Cracker Chips, Thin Crisps, Lunch Snacks, Cheddar Sour Cream Onion, 12 Oz, Bag</span></span><div class="mt2 flex items-center"><span class="black inline-flex mr1"><i class="ld ld-StarFill" style="font-size: 12px; vertical-align: -0.175em;" aria-hidden="true"></i><i class="ld ld-StarFill" style="font-size: 12px; vertical-align: -0.175em;" aria-hidden="true"></i><i class="ld ld-StarFill" style="font-size: 12px; vertical-align: -0.175em;" aria-hidden="true"></i><i class="ld ld-StarFill" style="font-size: 12px; vertical-align: -0.175em;" aria-hidden="true"></i><i class="ld ld-StarHalf" style="font-size: 12px; vertical-align: -0.175em;" aria-hidden="true"></i></span><span class="sans-serif gray f7" aria-hidden="true">327</span><span class="w_R">4.7 out of 5 Stars. 327 reviews</span></div><div class="mt2 mb2"><span class="w_Du w_D0 w_D4 mr1 mt1 ph1">Pickup</span><span class="w_Du w_D0 w_D4 mr1 mt1 ph1">Delivery</span><span class="w_Du w_D0 w_D4 mr1 mt1 ph1">1-day shipping</span></div></div></li><li class="flex flex-column items-center pa1 pr2 pb2 pr4" aria-hidden="true" data-slide="19"><div data-item-id="335649300" data-ad-component-type="wpa-tile" class="sans-serif mid-gray relative flex flex-column w-100 h-100" data-testid="product-tile-19"><a link-identifier="335649300" href="https://wrd.walmart.com/track?bt=1&amp;eventST=click&amp;plmt=sp-browse-bottom~desktop~&amp;pos=20&amp;tax=976759_976787_1001390&amp;rdf=1&amp;rd=https%3A%2F%2Fwww.walmart.com%2Fip%2F%2F335649300&amp;adUid=9cb006fa-5d68-4e09-a8e1-501858ef41d0&amp;mloc=sp-browse-bottom&amp;pltfm=desktop&amp;pgId=976759_976787_1001390&amp;pt=browse&amp;spQs=r8obEIRIxolOaYAkyW__7OXOqYf3HVTcp3I6Xs2iY_iQA41tePJ0SsHTGeNtfh3vbHSzdu35eZC1et44QMiVE5YGcYMESj2rfz4KKVxCjOzGCNRjneReT0NPwkKsYpT9HtclGosJFJ5QIvB6Z6nPtVGIJOvs3o5FFNWa_aA3FJo&amp;storeId=3081&amp;bkt=2404" class="absolute w-100 h-100 z-1"><span class="w_R">TostonBit Artisan Plantain Cubes, Salted 1.4 Ounce (Pack of 24) | Made with Sea Salt</span></a><div class="h2 relative mv2"></div><div class="relative"><div class="relative overflow-hidden" style="max-width: 226px; height: 0px; padding-bottom: min(226px, 100%); align-self: center; width: min(226px, 100%);"><img loading="lazy" srcset="https://i5.walmartimages.com/asr/c4d96164-1b31-4555-8450-89735cb561f8.7b563586b5ad66779cb0561a56ac2da7.jpeg?odnHeight=226&amp;odnWidth=226&amp;odnBg=FFFFFF 1x, https://i5.walmartimages.com/asr/c4d96164-1b31-4555-8450-89735cb561f8.7b563586b5ad66779cb0561a56ac2da7.jpeg?odnHeight=576&amp;odnWidth=576&amp;odnBg=FFFFFF 2x" class="absolute top-0 left-0" data-testid="productTileImage" alt="" src="https://i5.walmartimages.com/asr/c4d96164-1b31-4555-8450-89735cb561f8.7b563586b5ad66779cb0561a56ac2da7.jpeg?odnHeight=576&amp;odnWidth=576&amp;odnBg=FFFFFF" width="" height=""></div><div class="z-2 absolute bottom--1"><div class="dib relative"><button class="w_AP w_AR w_AW pointer bn bg-blue hover-bg-dark-blue white sans-serif b w-auto ph2 flex items-center justify-center shadow-1" type="button" aria-label="Add to cart - TostonBit Artisan Plantain Cubes, Salted 1.4 Ounce (Pack of 24) | Made with Sea Salt"><i class="ld ld-Plus" style="font-size: 1.5rem; vertical-align: -0.25em;" title="add to cart"></i><span class="mr2">Add</span></button></div></div></div><div class="mt5 mb1" style="height: 24px;" data-testid="variant-335649300"></div><div class="flex flex-wrap justify-start items-center lh-title mb2 mb1-m"><div class="b black f5 mr1 mr2-xl lh-copy f4-l" aria-hidden="true">$29.99</div><span class="w_R">current price $29.99</span></div><span class="w_N" style="-webkit-line-clamp: 3; padding-bottom: 0em; margin-bottom: 0em;"><span class="f6 f5-l normal dark-gray mb0 mt1 lh-title">TostonBit Artisan Plantain Cubes, Salted 1.4 Ounce (Pack of 24) | Made with Sea Salt</span></span><div class="mt2 mb2"><span class="w_Du w_D0 w_D4 mr1 mt1 ph1">2-day shipping</span></div></div></li></ul><button class="absolute dn z-999 bg-white br-100 pa0 pointer ba db-l br-100 ba b--black nav-control right-1" style="top: 100px;" aria-label="Next slide for Sponsored Products list"><i class="ld ld-ChevronRight" style="font-size: 1.5rem; vertical-align: -0.25em; padding: 12px;"></i></button></div></section></section></div></div></div> <!-- --> <!-- --> </div></div></div></div></main></div></div><span><footer class="bg-washed-blue pt5 lh-copy relative z-0"><div class="mb5 pv1 tc"><p class="f5 mt0">We’d love to hear what you think!</p><button class="w_AP w_AS w_AW" type="button">Give feedback</button></div><div class="bg-dark-blue pv4"><ul class="center flex flex-wrap justify-center list ma0 ph4 pb4 pt3 mw1280"><li><a link-identifier="All Departments" class="no-underline pointer f6 white mr4" href="/all-departments">All Departments</a></li><li><a link-identifier="Store Directory" class="no-underline pointer f6 white mr4" aria-label="Store Directory - opens in a new window" target="_blank" rel="noopener noreferrer" href="/store/directory">Store Directory</a></li><li><a link-identifier="Careers" href="https://careers.walmart.com/" class="no-underline pointer f6 white mr4" aria-label="Careers - opens in a new window" target="_blank" rel="noopener noreferrer">Careers</a></li><li><a link-identifier="Our Company" href="https://corporate.walmart.com/" class="no-underline pointer f6 white mr4" aria-label="Our Company - opens in a new window" target="_blank" rel="noopener noreferrer">Our Company</a></li><li><a link-identifier="Sell on Walmart.com" href="https://marketplace.walmart.com/?utm_source=Walmart.com&amp;utm_medium=link&amp;utm_campaign=footer" class="no-underline pointer f6 white mr4" aria-label="Sell on Walmart.com - opens in a new window" target="_blank" rel="noopener noreferrer">Sell on Walmart.com</a></li><li><a link-identifier="Help" class="no-underline pointer f6 white mr4" href="/help">Help</a></li><li><a link-identifier="COVID-19 Vaccine Scheduler" href="https://www.walmart.com/cp/flu-shots-immunizations/1228302" class="no-underline pointer f6 white mr4">COVID-19 Vaccine Scheduler</a></li><li><a link-identifier="Product Recalls" href="https://corporate.walmart.com/recalls" class="no-underline pointer f6 white mr4" aria-label="Product Recalls - opens in a new window" target="_blank" rel="noopener noreferrer">Product Recalls</a></li><li><a link-identifier="Accessibility" href="https://www.walmart.com/help/article/responsible-disclosure-and-accessibility-policies/0f173dab8bd942da84b1cd7ab5ffc3cb" class="no-underline pointer f6 white mr4" aria-label="Accessibility - opens in a new window" target="_blank" rel="noopener noreferrer">Accessibility</a></li><li><a link-identifier="Tax Exempt Program" href="https://www.walmart.com/taxexempt/" class="no-underline pointer f6 white mr4" aria-label="Tax Exempt Program - opens in a new window" target="_blank" rel="noopener noreferrer">Tax Exempt Program</a></li><li><a link-identifier="Get the Walmart App" href="https://walmart.onelink.me/UIev?pid=walmart.com&amp;af_web_dp=https%3A%2F%2Fwww.walmart.com%2Fcp%2Fwalmart-mobile-app%2F1087865&amp;c=Walmart.com%20Site%20Footer&amp;af_dp=walmart%3A%2F%2F" class="no-underline pointer f6 white mr4">Get the Walmart App</a></li><li><a link-identifier="Sign-up for Email" href="https://www.walmart.com/account/communications-and-privacy?section=marketingemails" class="no-underline pointer f6 white mr4">Sign-up for Email</a></li><li><a link-identifier="Terms of Use" class="no-underline pointer f6 white mr4" href="/help/article/walmart-com-terms-of-use/3b75080af40340d6bbd596f116fae5a0">Terms of Use</a></li><li><a link-identifier="Privacy &amp; Security" href="https://corporate.walmart.com/privacy-security" class="no-underline pointer f6 white mr4" aria-label="Privacy &amp; Security - opens in a new window" target="_blank" rel="noopener noreferrer">Privacy &amp; Security</a></li><li><a link-identifier="CA Privacy Rights" href="https://corporate.walmart.com/privacy-security/california-privacy-rights" class="no-underline pointer f6 white mr4" aria-label="CA Privacy Rights - opens in a new window" target="_blank" rel="noopener noreferrer">CA Privacy Rights</a></li><li><a link-identifier="California Supply Chain Act" href="https://corporate.walmart.com/california-transparency" class="no-underline pointer f6 white mr4" aria-label="California Supply Chain Act - opens in a new window" target="_blank" rel="noopener noreferrer">California Supply Chain Act</a></li><li><a link-identifier="Do Not Sell My Personal Information" href="https://www.walmart.com/account/api/ccpa-intake?native=false&amp;app=gm&amp;type=sod" class="no-underline pointer f6 white mr4" aria-label="Do Not Sell My Personal Information - opens in a new window" target="_blank" rel="noopener noreferrer">Do Not Sell My Personal Information</a></li><li><a link-identifier="Request My Personal Information" href="https://www.walmart.com/account/api/ccpa-intake?native=false&amp;app=gm&amp;type=access" class="no-underline pointer f6 white" aria-label="Request My Personal Information - opens in a new window" target="_blank" rel="noopener noreferrer">Request My Personal Information</a></li></ul><div class="pt2 f7 lh-title tc white">© 2022 Walmart. All Rights Reserved.</div></div></footer></span></div></div></div><div aria-live="assertive"></div></div><script id="__NEXT_DATA__" type="application/json" nonce="HMtW5E8p0htZOWXF">{"props":{"pageProps":{"initialData":{"headers":{},"moduleDataByZone":{"topZone3":{"name":"Chips Browse - Search Banner - 4.19.22","version":1,"type":"SearchBanner","moduleId":"7d0ba89f-c206-4adc-9ffa-abbd3b2fff96","schedule":{"priority":0},"matchedTrigger":{"zone":"topZone3"},"configs":{"__typename":"TempoWM_GLASSWWWSearchBannerConfigs","moduleType":"LINK","viewConfig":{"title":"Stock up with variety pack chips","image":"https://i5.walmartimages.com/dfw/4ff9c6c9-9cf9/k2-_550d2574-4e92-419e-ae35-87264cb49ee2.v1.png","imageAlt":"Stock up with variety pack chips","displayName":"Variety Pack Chips","description":"Individually packaged chips and snacks to take on the go!","url":"/browse/food/variety-pack-chips/976759_976787_1001390_9634100?povid=1096070_976787_SearchBanner_VarietyPack_ChipsBrowse","urlAlt":"Shop Now","appStoreLink":null,"appStoreLinkAlt":null,"playStoreLink":null,"playStoreLinkAlt":null}}},"pillsTopZone":{"name":"Browse Pills Module","version":5,"type":"PillsModule","moduleId":"1b40507d-81e6-4a56-a1ac-186a21cbd058","schedule":{"priority":1},"matchedTrigger":{"zone":"pillsTopZone"},"configs":{"__typename":"TempoWM_GLASSWWWPillsModuleConfigs","moduleSource":"chipModule","pillsV2":[{"title":"Takis","url":"/browse/food/takis/976759_976787_1001390_9805889_8841615","image":null},{"title":"Doritos","url":"https://www.walmart.com/browse/food/doritos/976759_976787_1001390_4274370","image":null},{"title":"Pringles","url":"/browse/food/pringles/976759_976787_1001390_4402657_3654690","image":null},{"title":"Funyuns","url":"/browse/food/funyuns/976759_976787_1001390_9805889_1837733","image":null},{"title":"Ruffles","url":"/browse/food/ruffles/976759_976787_1001390_4402657_9174797","image":null},{"title":"Fritos","url":"/browse/food/fritos/976759_976787_1001390_9805889_8357039","image":null},{"title":"Potato Chips","url":"/browse/food/potato-chips/976759_976787_1001390_4402657","image":null},{"title":"Tortilla Chips","url":"/browse/food/tortilla-chips/976759_976787_1001390_4501185","image":null},{"title":"Sun Chips","url":"/browse/food/sun-chips/976759_976787_1001390_4084278_6046723","image":null},{"title":"Kettle Chips","url":"/browse/food/kettle-chips/976759_976787_1001390_2523039","image":null},{"title":"Pita Chips","url":"/browse/food/pita-chips-bagel-chips/976759_976787_1001390_8083609","image":null},{"title":"Lay's Potato Chips","url":"/browse/food/lays-potato-chips/976759_976787_1001390_5517955","image":null},{"title":"Cape Cod Chips","url":"/browse/food/cape-cod-chips/976759_976787_1001390_2523039_2937197","image":null},{"title":"Zapp's Chips","url":"/browse/food/zapps-chips/976759_976787_1001390_2523039_5487688","image":null},{"title":"Popped Chips","url":"/browse/food/popped-chips/976759_976787_1001390_4402657_9739086","image":null},{"title":"Veggie Chips","url":"/browse/food/veggie-chips-grain-chips/976759_976787_1001390_4084278","image":null},{"title":"Corn Chips","url":"/browse/food/corn-chips/976759_976787_1001390_9805889","image":null},{"title":"Terra Chips","url":"/browse/food/terra-chips/976759_976787_1001390_4084278_2308053","image":null},{"title":"Rye Chips","url":"/browse/food/rye-chips/976759_976787_1001390_2636409","image":null},{"title":"Utz Potato Chips","url":"/browse/food/utz-potato-chips/976759_976787_1001390_4402657_2212947","image":null},{"title":"Variety Pack Chips","url":"/browse/food/variety-pack-chips/976759_976787_1001390_9634100","image":null}]}},"bottomZone3":{"name":"Copy Block","version":5,"type":"CopyBlock","moduleId":"2ca07422-a364-4155-9173-79e615c57141","schedule":{"priority":1},"matchedTrigger":{"zone":"bottomZone3"},"configs":{"__typename":"TempoWM_GLASSWWWCopyBlockConfigs","copyBlock":{"cwc":null}}},"bottomZone1":{"name":"Marquee Display Ad BTF BP DWeb","version":2,"type":"MarqueeDisplayAd","moduleId":"17741b72-82a8-4fee-8de2-fd4f27679ab6","schedule":{"priority":0},"matchedTrigger":{"zone":"bottomZone1"},"configs":{"__typename":"TempoWM_GLASSWWWMarqueeDisplayAdConfigs","_rawConfigs":{"moduleLocation":"marquee2","lazy":"1000"},"ad":null}},"bottomZone4":{"name":"Popular In Browse Module","version":4,"type":"PopularInBrowse","moduleId":"98d4e7dd-30ed-40a9-aa39-4b57736dc239","schedule":{"priority":1},"matchedTrigger":{"zone":"bottomZone4"},"configs":{"__typename":"TempoWM_GLASSWWWPopularInBrowseConfigs","seoBrowseRelmData":null}},"topZone1":{"name":"Skyline Display Ad BP Dweb","version":2,"type":"SkylineDisplayAd","moduleId":"36887fe6-dad6-4b0d-8195-9c2ea6dbb444","schedule":{"priority":0},"matchedTrigger":{"zone":"topZone1"},"configs":{"__typename":"TempoWM_GLASSWWWSkylineDisplayAdConfigs","_rawConfigs":{"moduleLocation":"top","lazy":"400"},"ad":null}},"bottomZone2":{"name":"Sponsored Product Carousel BP","version":2,"type":"SponsoredProductCarousel","moduleId":"333badc5-42e1-4578-9275-d8e35f8032f1","schedule":{"priority":0},"matchedTrigger":{"zone":"bottomZone2"},"configs":{"__typename":"TempoWM_GLASSWWWSponsoredProductCarouselConfigs","_rawConfigs":{"title":"Sponsored Products","moduleLocation":"bottom","lazy":"500"}}}},"layoutContainerData":{"type":"container","flow":"vertical","content":[{"type":"container","flow":"vertical","content":{"type":"slot","id":"mainContentSlot","mapping":[{"type":"EXTERNAL","options":{"refId":"breadCrumb","tempoLabel":"breadCrumb","displayInTempo":true}},{"type":"ZONE","options":{"refId":"topZone1"}},{"type":"ZONE","options":{"refId":"topZone2"}},{"type":"ZONE","options":{"refId":"topZone3"}},{"type":"ZONE","options":{"refId":"pillsTopZone"}},{"type":"ZONE","options":{"refId":"topZone4"}},{"type":"ZONE","options":{"refId":"topZone5"}},{"type":"EXTERNAL","options":{"refId":"stacks1","tempoLabel":"Stacks Zone","displayInTempo":true}},{"type":"ZONE","options":{"refId":"bottomZone1"}},{"type":"ZONE","options":{"refId":"bottomZone2"}},{"type":"ZONE","options":{"refId":"bottomZone3"}},{"type":"ZONE","options":{"refId":"bottomZone4"}},{"type":"ZONE","options":{"refId":"bottomZone5"}}]}}]},"searchResult":{"title":"Results for \"Chips\"","aggregatedCount":9621,"breadCrumb":[{"id":"976759","name":"Food","url":"/cp/food/976759"},{"id":"976759_976787","name":"Snacks, Cookies \u0026 Chips","url":"/cp/snacks-cookies-chips/976787"},{"id":"976759_976787_1001390","name":"Chips","url":"/cp/chips/1001390"}],"shelfData":{"shelfName":"Food:Snacks, Cookies \u0026 Chips:Chips","shelfId":""},"debug":{"sisUrl":"http://preso-usgm-wcnp.prod.walmart.com/v1/search?query=\u0026facet=\u0026stores=3081\u0026cat_id=976759_976787_1001390\u0026sort=best_match\u0026page=1\u0026min_price=\u0026max_price=\u0026_be_shelf_id=\u0026ptss=\u0026trsp=\u0026prg=desktop\u0026stateOrProvinceCode=CA\u0026ps=40\u0026zipcode=95829\u0026module_search=\u0026inCatchment=true\u0026latitude=38.4744\u0026longitude=-121.3437\u0026extended_zipcode=95829\u0026addressId=\u0026hidden_facet=\u0026pickupStore=3081\u0026deliveryStore=3081\u0026translation=","adsUrl":"http://swag-wmt.prod.walmart.com/fs?prg=desktop\u0026query=\u0026cat_id=976759_976787_1001390\u0026_be_shelf_id=\u0026facet=\u0026page=1\u0026ps=10\u0026min_price=\u0026max_price=\u0026sort=best_match\u0026ptss=\u0026module_search=\u0026trsp=\u0026zipcode=95829\u0026stores=3081\u0026stateOrProvinceCode=CA\u0026latitude=38.4744\u0026longitude=-121.3437\u0026extended_zipcode=95829\u0026addressId=\u0026inCatchment=true\u0026pickupStore=3081\u0026deliveryStore=3081"},"itemStacks":[{"displayMessage":null,"meta":{"adsBeacon":{"adUuid":"5ae56148-c483-4d5e-8947-a05ac6c558ca","moduleInfo":"{\"adUuid\":\"5ae56148-c483-4d5e-8947-a05ac6c558ca\",\"facet\":false,\"intent\":false,\"sorting\":\"best_match\",\"bucketId\":\"2478\"}","max_ads":10},"query":"","stackId":0,"stackType":"DEFAULT","title":"Chips","layoutEnum":"GRID","totalItemCount":9621,"totalItemCountDisplay":"(1000+)","viewAllParams":null},"itemsV2":null,"title":"Chips","totalItemCountDisplay":"(1000+)","count":9621,"items":[{"__typename":"Product","availabilityStatusDisplayValue":"In stock","productLocationDisplayValue":"A24","externalInfoUrl":"","canonicalUrl":"/ip/Quaker-Rice-Cakes-Whole-Grain-Chocolate-7-23-Oz/13448658?athbdg=L1600","canAddToCart":true,"showOptions":false,"showBuyNow":false,"description":"","flag":"Best seller","badge":{"key":"BESTSELLER","text":"Best seller","type":"LABEL","id":"L1600"},"fulfillmentBadges":["Pickup","Delivery","1-day shipping"],"fulfillmentIcon":{"key":"SAVE_WITH_W_PLUS","label":"Save with"},"fulfillmentBadge":"","fulfillmentSpeed":[],"fulfillmentType":"STORE","groupMetaData":{"groupType":null,"groupSubType":null,"numberOfComponents":0,"groupComponents":null},"id":"33CYX1R8KNTK","itemType":null,"usItemId":"13448658","image":"https://i5.walmartimages.com/asr/6600400c-bb4d-4cfb-b792-ce32faaeaec2_2.e450f0a19cf71d6a4a5edf8b4489584e.jpeg?odnHeight=180\u0026odnWidth=180\u0026odnBg=FFFFFF","isOutOfStock":false,"esrb":"","mediaRating":"","name":"Quaker Rice Cakes, Whole Grain Chocolate, 7.23 Oz.","price":3,"preOrder":{"isPreOrder":false,"preOrderMessage":null,"preOrderStreetDateMessage":null},"priceInfo":{"itemPrice":"","linePrice":"$3.00","wasPrice":"","unitPrice":"41.5 ¢/oz","shipPrice":"","minPrice":0,"minPriceForVariant":"","subscriptionPrice":"","subscriptionString":"","priceDisplayCondition":"","finalCostByWeight":false,"submapType":""},"rating":{"averageRating":4.6,"numberOfReviews":658},"salesUnit":"EACH","variantList":[],"isVariantTypeSwatch":false,"brand":null,"manufacturerName":null,"offerId":"9CE059C546AF4E4E8793881325C56036","fitmentLabel":"","isAtfMarker":false,"sellerId":"F55CDC31AB754BB68FE0B39041159D63","sellerName":"Walmart.com","hasSellerBadge":null,"seller":{"name":"Walmart.com","sellerId":"F55CDC31AB754BB68FE0B39041159D63"},"sponsoredProduct":{"spQs":"60-h2d0ckwvMWizthEXpTlpBzYlGJAF13vTWAYfTooe9_8F_b0Qj2GNKrGnsLHGV4dty2vNVKphEUpOMUm7zMMR5zPgaS36Yy3wDwlivHsLhg5LcSHWY0D2dbpzhrmuAe4xq3uVghFYwB1I8q-nicw0A8d7oPZPIUO0MGn57I6U","clickBeacon":"https://wrd.walmart.com/track?rdf=0\u0026adUid=5ae56148-c483-4d5e-8947-a05ac6c558ca\u0026plmt=__plmt__\u0026tax=976759_976787_1001390\u0026pltfm=desktop\u0026eventST=__eventST__\u0026pgId=976759_976787_1001390\u0026spQs=60-h2d0ckwvMWizthEXpTlpBzYlGJAF13vTWAYfTooe9_8F_b0Qj2GNKrGnsLHGV4dty2vNVKphEUpOMUm7zMMR5zPgaS36Yy3wDwlivHsLhg5LcSHWY0D2dbpzhrmuAe4xq3uVghFYwB1I8q-nicw0A8d7oPZPIUO0MGn57I6U\u0026storeId=3081\u0026pt=browse\u0026pos=__pos__\u0026bt=__bt__\u0026mloc=sp-browse-middle\u0026bkt=2478","spTags":null},"checkStoreAvailabilityATC":false,"seeShippingEligibility":false,"rewards":null},{"__typename":"Product","availabilityStatusDisplayValue":"In stock","productLocationDisplayValue":"A24","externalInfoUrl":"","canonicalUrl":"/ip/Quaker-Rice-Crisps-Caramel-Corn-7-04-oz-Bag/10312636","canAddToCart":true,"showOptions":false,"showBuyNow":false,"description":"","flag":"","badge":{"text":"","id":"","type":"","key":""},"fulfillmentBadges":["Pickup","Delivery","1-day shipping"],"fulfillmentIcon":{"key":"SAVE_WITH_W_PLUS","label":"Save with"},"fulfillmentBadge":"","fulfillmentSpeed":[],"fulfillmentType":"STORE","groupMetaData":{"groupType":null,"groupSubType":null,"numberOfComponents":0,"groupComponents":null},"id":"2RS9QU0A97GH","itemType":null,"usItemId":"10312636","image":"https://i5.walmartimages.com/asr/2cec9d58-45f4-4786-bac7-ee2309464516_1.74a086cac178fbe196598dec9f566711.jpeg?odnHeight=180\u0026odnWidth=180\u0026odnBg=FFFFFF","isOutOfStock":false,"esrb":"","mediaRating":"","name":"Quaker Rice Crisps, Caramel Corn, 7.04 oz Bag","price":3.54,"preOrder":{"isPreOrder":false,"preOrderMessage":null,"preOrderStreetDateMessage":null},"priceInfo":{"itemPrice":"","linePrice":"$3.54","wasPrice":"","unitPrice":"50.3 ¢/oz","shipPrice":"","minPrice":0,"minPriceForVariant":"","subscriptionPrice":"","subscriptionString":"","priceDisplayCondition":"","finalCostByWeight":false,"submapType":""},"rating":{"averageRating":4.6,"numberOfReviews":902},"salesUnit":"EACH","variantList":[],"isVariantTypeSwatch":false,"brand":null,"manufacturerName":null,"offerId":"CDB16DE2931144BC98B45C09E00A775A","fitmentLabel":"","isAtfMarker":false,"sellerId":"F55CDC31AB754BB68FE0B39041159D63","sellerName":"Walmart.com","hasSellerBadge":null,"seller":{"name":"Walmart.com","sellerId":"F55CDC31AB754BB68FE0B39041159D63"},"sponsoredProduct":{"spQs":"p9tXsgBocz3ViI5xOjKExlpBzYlGJAF13vTWAYfToodHjyCc8wx3XYpRac-Zv_Vv4dty2vNVKphEUpOMUm7zMMR5zPgaS36Yy3wDwlivHsJ_3uxBjUKEMfRz9eyo8H35kPU9r6UOhAeEJPPh1lJHp3hFIs-8YaGO-XXt86H-poA","clickBeacon":"https://wrd.walmart.com/track?rdf=0\u0026adUid=5ae56148-c483-4d5e-8947-a05ac6c558ca\u0026plmt=__plmt__\u0026tax=976759_976787_1001390\u0026pltfm=desktop\u0026eventST=__eventST__\u0026pgId=976759_976787_1001390\u0026spQs=p9tXsgBocz3ViI5xOjKExlpBzYlGJAF13vTWAYfToodHjyCc8wx3XYpRac-Zv_Vv4dty2vNVKphEUpOMUm7zMMR5zPgaS36Yy3wDwlivHsJ_3uxBjUKEMfRz9eyo8H35kPU9r6UOhAeEJPPh1lJHp3hFIs-8YaGO-XXt86H-poA\u0026storeId=3081\u0026pt=browse\u0026pos=__pos__\u0026bt=__bt__\u0026mloc=sp-browse-middle\u0026bkt=2478","spTags":null},"checkStoreAvailabilityATC":false,"seeShippingEligibility":false,"rewards":null},{"__typename":"Product","availabilityStatusDisplayValue":"In stock","productLocationDisplayValue":"F9","externalInfoUrl":"","canonicalUrl":"/ip/Chef-Robert-Irvine-s-FITCRUNCH-Chocolate-Chip-Cookie-Dough-High-Protein-Baked-Bar-16g-Protein-9-73-oz-6ct/954829676?athbdg=L1600","canAddToCart":true,"showOptions":false,"showBuyNow":false,"description":"","flag":"Best seller","badge":{"key":"BESTSELLER","text":"Best seller","type":"LABEL","id":"L1600"},"fulfillmentBadges":["Pickup","Delivery","1-day shipping"],"fulfillmentIcon":{"key":"SAVE_WITH_W_PLUS","label":"Save with"},"fulfillmentBadge":"","fulfillmentSpeed":[],"fulfillmentType":"STORE","groupMetaData":{"groupType":null,"groupSubType":null,"numberOfComponents":0,"groupComponents":null},"id":"5MHCB566IS07","itemType":null,"usItemId":"954829676","image":"https://i5.walmartimages.com/asr/a96e3e60-5955-49b1-877f-52af599f916b.7828444cab5856a4791e2e40ec5d35d0.jpeg?odnHeight=180\u0026odnWidth=180\u0026odnBg=FFFFFF","isOutOfStock":false,"esrb":"","mediaRating":"","name":"Chef Robert Irvine's FITCRUNCH Chocolate Chip Cookie Dough, High Protein Baked Bar, 16g Protein, 9.73 oz., 6ct","price":6.98,"preOrder":{"isPreOrder":false,"preOrderMessage":null,"preOrderStreetDateMessage":null},"priceInfo":{"itemPrice":"","linePrice":"$6.98","wasPrice":"","unitPrice":"$1.16/ea","shipPrice":"","minPrice":0,"minPriceForVariant":"","subscriptionPrice":"","subscriptionString":"","priceDisplayCondition":"","finalCostByWeight":false,"submapType":""},"rating":{"averageRating":4.6,"numberOfReviews":104},"salesUnit":"EACH","variantList":[],"isVariantTypeSwatch":false,"brand":null,"manufacturerName":null,"offerId":"1DEAC085DEA8445EB4250F33DF178085","fitmentLabel":"","isAtfMarker":false,"sellerId":"F55CDC31AB754BB68FE0B39041159D63","sellerName":"Walmart.com","hasSellerBadge":null,"seller":{"name":"Walmart.com","sellerId":"F55CDC31AB754BB68FE0B39041159D63"},"sponsoredProduct":{"spQs":"c2QX7cU6z1qcg6aGXo5vt3z7wMcs-1YLPDtDr2WnccB0Wkf1PEHpTQkTsXf2PgxdNtTebT5vsFKb9FWQ473LbuENDskSEUtDySVyqkj8MJeTztwYN1BCFuu6rs4GMOWonTGv0RAY1bfLB1SBBvLBtPKrLkRi_iyb-q1aB7i_hY8","clickBeacon":"https://wrd.walmart.com/track?rdf=0\u0026adUid=5ae56148-c483-4d5e-8947-a05ac6c558ca\u0026plmt=__plmt__\u0026tax=976759_976787_1001390\u0026pltfm=desktop\u0026eventST=__eventST__\u0026pgId=976759_976787_1001390\u0026spQs=c2QX7cU6z1qcg6aGXo5vt3z7wMcs-1YLPDtDr2WnccB0Wkf1PEHpTQkTsXf2PgxdNtTebT5vsFKb9FWQ473LbuENDskSEUtDySVyqkj8MJeTztwYN1BCFuu6rs4GMOWonTGv0RAY1bfLB1SBBvLBtPKrLkRi_iyb-q1aB7i_hY8\u0026storeId=3081\u0026pt=browse\u0026pos=__pos__\u0026bt=__bt__\u0026mloc=sp-browse-middle\u0026bkt=2478","spTags":null},"checkStoreAvailabilityATC":false,"seeShippingEligibility":false,"rewards":null},{"__typename":"Product","availabilityStatusDisplayValue":"In stock","productLocationDisplayValue":"A25","externalInfoUrl":"","canonicalUrl":"/ip/Quaker-Rice-Crisps-Sweet-Savory-Variety-Pack-14-Count/601061875?athbdg=L1600","canAddToCart":true,"showOptions":false,"showBuyNow":false,"description":"","flag":"Best seller","badge":{"key":"BESTSELLER","text":"Best seller","type":"LABEL","id":"L1600"},"fulfillmentBadges":["Pickup","Delivery","1-day shipping"],"fulfillmentIcon":{"key":"SAVE_WITH_W_PLUS","label":"Save with"},"fulfillmentBadge":"","fulfillmentSpeed":[],"fulfillmentType":"STORE","groupMetaData":{"groupType":null,"groupSubType":null,"numberOfComponents":0,"groupComponents":null},"id":"0ZBM6F8R5T9V","itemType":null,"usItemId":"601061875","image":"https://i5.walmartimages.com/asr/5c565c99-d1f8-4c9d-83df-be28ecc0d928_1.bdb6c5c809a573246b8c72fbe5329901.jpeg?odnHeight=180\u0026odnWidth=180\u0026odnBg=FFFFFF","isOutOfStock":false,"esrb":"","mediaRating":"","name":"Quaker Rice Crisps, Sweet \u0026 Savory Variety Pack, 14 Count","price":8.3,"preOrder":{"isPreOrder":false,"preOrderMessage":null,"preOrderStreetDateMessage":null},"priceInfo":{"itemPrice":"","linePrice":"$8.30","wasPrice":"","unitPrice":"74.8 ¢/oz","shipPrice":"","minPrice":0,"minPriceForVariant":"","subscriptionPrice":"","subscriptionString":"","priceDisplayCondition":"","finalCostByWeight":false,"submapType":""},"rating":{"averageRating":4.5,"numberOfReviews":1457},"salesUnit":"EACH","variantList":[],"isVariantTypeSwatch":false,"brand":null,"manufacturerName":null,"offerId":"F78F680248B146E38C1730E9861198BE","fitmentLabel":"","isAtfMarker":false,"sellerId":"F55CDC31AB754BB68FE0B39041159D63","sellerName":"Walmart.com","hasSellerBadge":null,"seller":{"name":"Walmart.com","sellerId":"F55CDC31AB754BB68FE0B39041159D63"},"sponsoredProduct":{"spQs":"ieKLluwtGZOUM9W6bv0y2HeYgDN-ja7ws8g-oBgk50Lu51-3x-MP1-Kw7YcBR3YZoaPmGiVPMt2iWHm7NTfSwLW71zk894Gz66z_uqRA_volDEmTkZdsaFMYnu2rq0VV6K4BqED7HOkjQ5Tos9P4t0imKnTTQtZNIODCKzTs2tY","clickBeacon":"https://wrd.walmart.com/track?rdf=0\u0026adUid=5ae56148-c483-4d5e-8947-a05ac6c558ca\u0026plmt=__plmt__\u0026tax=976759_976787_1001390\u0026pltfm=desktop\u0026eventST=__eventST__\u0026pgId=976759_976787_1001390\u0026spQs=ieKLluwtGZOUM9W6bv0y2HeYgDN-ja7ws8g-oBgk50Lu51-3x-MP1-Kw7YcBR3YZoaPmGiVPMt2iWHm7NTfSwLW71zk894Gz66z_uqRA_volDEmTkZdsaFMYnu2rq0VV6K4BqED7HOkjQ5Tos9P4t0imKnTTQtZNIODCKzTs2tY\u0026storeId=3081\u0026pt=browse\u0026pos=__pos__\u0026bt=__bt__\u0026mloc=sp-browse-middle\u0026bkt=2478","spTags":null},"checkStoreAvailabilityATC":false,"seeShippingEligibility":false,"rewards":null},{"__typename":"Product","availabilityStatusDisplayValue":"In stock","productLocationDisplayValue":null,"externalInfoUrl":"","canonicalUrl":"/ip/Doritos-Nacho-Cheese-Flavored-Tortilla-Chips-Party-Size-14-5-oz-Bag/433078517?athbdg=L1200","canAddToCart":true,"showOptions":false,"showBuyNow":false,"description":"\u003cli\u003eDelicious nacho cheese flavor\u003c/li\u003e\u003cli\u003eFlavor on Another Level\u003c/li\u003e\u003cli\u003eParty size bag is perfect for sharing\u003c/li\u003e","flag":"Popular pick","badge":{"key":"CUSTOMER_PICK","text":"Popular pick","type":"LABEL","id":"L1200"},"fulfillmentBadges":["Pickup","Delivery"],"fulfillmentIcon":{"key":"SAVE_WITH_W_PLUS","label":"Save with"},"fulfillmentBadge":"Today","fulfillmentSpeed":["TODAY"],"fulfillmentType":"STORE","groupMetaData":{"groupType":null,"groupSubType":null,"numberOfComponents":0,"groupComponents":null},"id":"4GPWC79YPUEZ","itemType":null,"usItemId":"433078517","image":"https://i5.walmartimages.com/asr/2396257b-2d84-4661-9967-163e4ff3ecfd.3a30ab33a401d8be31ea9fbaf599d561.jpeg?odnHeight=180\u0026odnWidth=180\u0026odnBg=ffffff","isOutOfStock":false,"esrb":"","mediaRating":"","name":"Doritos Nacho Cheese Flavored Tortilla Chips, Party Size, 14.5 oz Bag","price":4.48,"preOrder":{"isPreOrder":false,"preOrderMessage":null,"preOrderStreetDateMessage":null},"priceInfo":{"itemPrice":"","linePrice":"$4.48","wasPrice":"","unitPrice":"30.9 ¢/oz","shipPrice":"","minPrice":0,"minPriceForVariant":"","subscriptionPrice":"","subscriptionString":"","priceDisplayCondition":"","finalCostByWeight":false,"submapType":""},"rating":{"averageRating":4,"numberOfReviews":272},"salesUnit":"EACH","variantList":[],"isVariantTypeSwatch":false,"brand":null,"manufacturerName":null,"offerId":"7642772DA0CC48009ED253A88F4D5190","fitmentLabel":"","isAtfMarker":false,"sellerId":"F55CDC31AB754BB68FE0B39041159D63","sellerName":"Walmart.com","hasSellerBadge":null,"seller":{"name":"Walmart.com","sellerId":"F55CDC31AB754BB68FE0B39041159D63"},"sponsoredProduct":null,"checkStoreAvailabilityATC":false,"seeShippingEligibility":false,"rewards":null},{"__typename":"Product","availabilityStatusDisplayValue":"In stock","productLocationDisplayValue":null,"externalInfoUrl":"","canonicalUrl":"/ip/Lay-s-Classic-Potato-Chips-Party-Size-13-oz-Bag/677669806?athbdg=L1600","canAddToCart":true,"showOptions":false,"showBuyNow":false,"description":"\u003cli\u003eClassic potato chips\u003c/li\u003e\u003cli\u003eParty size bag is perfect for sharing\u003c/li\u003e\u003cli\u003eCrispy, yummy and deliciously tasty\u003c/li\u003e\u003cli\u003eIncludes three ingredients: potatoes, oil, and salt\u003c/li\u003e","flag":"Best seller","badge":{"key":"BESTSELLER","text":"Best seller","type":"LABEL","id":"L1600"},"fulfillmentBadges":["Pickup","Delivery"],"fulfillmentIcon":{"key":"SAVE_WITH_W_PLUS","label":"Save with"},"fulfillmentBadge":"Today","fulfillmentSpeed":["TODAY"],"fulfillmentType":"STORE","groupMetaData":{"groupType":null,"groupSubType":null,"numberOfComponents":0,"groupComponents":null},"id":"31F9DOE2RGKJ","itemType":null,"usItemId":"677669806","image":"https://i5.walmartimages.com/asr/15b0a328-0403-4e27-b256-698e69675801.4479d277258b0bb9993670ed400a98d0.jpeg?odnHeight=180\u0026odnWidth=180\u0026odnBg=ffffff","isOutOfStock":false,"esrb":"","mediaRating":"","name":"Lay's Classic Potato Chips, Party Size, 13 oz Bag","price":4.48,"preOrder":{"isPreOrder":false,"preOrderMessage":null,"preOrderStreetDateMessage":null},"priceInfo":{"itemPrice":"","linePrice":"$4.48","wasPrice":"","unitPrice":"34.5 ¢/oz","shipPrice":"","minPrice":0,"minPriceForVariant":"","subscriptionPrice":"","subscriptionString":"","priceDisplayCondition":"","finalCostByWeight":false,"submapType":""},"rating":{"averageRating":4.1,"numberOfReviews":1415},"salesUnit":"EACH","variantList":[],"isVariantTypeSwatch":false,"brand":null,"manufacturerName":null,"offerId":"7692996EF6B7473BB21B3422FF3EBA0A","fitmentLabel":"","isAtfMarker":false,"sellerId":"F55CDC31AB754BB68FE0B39041159D63","sellerName":"Walmart.com","hasSellerBadge":null,"seller":{"name":"Walmart.com","sellerId":"F55CDC31AB754BB68FE0B39041159D63"},"sponsoredProduct":null,"checkStoreAvailabilityATC":false,"seeShippingEligibility":false,"rewards":null},{"__typename":"Product","availabilityStatusDisplayValue":"In stock","productLocationDisplayValue":null,"externalInfoUrl":"","canonicalUrl":"/ip/Frito-Lay-Flavor-Mix-Snacks-Variety-Pack-Party-Size-28-Count-Assortment-May-Vary/984440765?athbdg=L1600","canAddToCart":true,"showOptions":false,"showBuyNow":false,"description":"\u003cli\u003eDelicious snacks your whole family will enjoy\u003c/li\u003e\u003cli\u003eIndividually packaged for easy on-the-go and flavor-filled snacking\u003c/li\u003e\u003cli\u003eGreat for packing in school or work lunches\u003c/li\u003e","flag":"Best seller","badge":{"key":"BESTSELLER","text":"Best seller","type":"LABEL","id":"L1600"},"fulfillmentBadges":["1-day shipping"],"fulfillmentIcon":{"key":"SAVE_WITH_W_PLUS","label":"Save with"},"fulfillmentBadge":"Tomorrow","fulfillmentSpeed":["TOMORROW"],"fulfillmentType":"FC","groupMetaData":{"groupType":null,"groupSubType":null,"numberOfComponents":0,"groupComponents":null},"id":"75D63SH18BIF","itemType":null,"usItemId":"984440765","image":"https://i5.walmartimages.com/asr/09f62f48-52e5-4e03-9ce5-855a3172f555.eef7bf767aef87511d24d0eade2c88b6.jpeg?odnHeight=180\u0026odnWidth=180\u0026odnBg=ffffff","isOutOfStock":false,"esrb":"","mediaRating":"","name":"Frito-Lay Flavor Mix Snacks Variety Pack, Party Size, 28 Count (Assortment May Vary)","price":13.98,"preOrder":{"isPreOrder":false,"preOrderMessage":null,"preOrderStreetDateMessage":null},"priceInfo":{"itemPrice":"","linePrice":"$13.98","wasPrice":"","unitPrice":"49.9 ¢/ea","shipPrice":"","minPrice":0,"minPriceForVariant":"","subscriptionPrice":"","subscriptionString":"","priceDisplayCondition":"","finalCostByWeight":false,"submapType":""},"rating":{"averageRating":4.5,"numberOfReviews":557},"salesUnit":"EACH","variantList":[],"isVariantTypeSwatch":false,"brand":null,"manufacturerName":null,"offerId":"3EA265ADEDF142938807B8574A463367","fitmentLabel":"","isAtfMarker":false,"sellerId":"F55CDC31AB754BB68FE0B39041159D63","sellerName":"Walmart.com","hasSellerBadge":null,"seller":{"name":"Walmart.com","sellerId":"F55CDC31AB754BB68FE0B39041159D63"},"sponsoredProduct":null,"checkStoreAvailabilityATC":false,"seeShippingEligibility":false,"rewards":null},{"__typename":"Product","availabilityStatusDisplayValue":"In stock","productLocationDisplayValue":null,"externalInfoUrl":"","canonicalUrl":"/ip/Quest-Tortilla-Style-Protein-Chips-Nacho-Cheese-1-1oz-4ct-Pack/366445938","canAddToCart":true,"showOptions":false,"showBuyNow":false,"description":"Quest Tortilla Style Protein Chips Nacho Cheese 4ct","flag":"","badge":{"text":"","id":"","type":"","key":""},"fulfillmentBadges":["1-day shipping"],"fulfillmentIcon":{"key":"SAVE_WITH_W_PLUS","label":"Save with"},"fulfillmentBadge":"Tomorrow","fulfillmentSpeed":["TOMORROW"],"fulfillmentType":"FC","groupMetaData":{"groupType":null,"groupSubType":null,"numberOfComponents":0,"groupComponents":null},"id":"69261BMX7LC2","itemType":null,"usItemId":"366445938","image":"https://i5.walmartimages.com/asr/5906b1ab-b6b8-4f6f-97b9-94eed82e1ed4.158865f4b6b80afb218e6dec2a0134a0.jpeg?odnHeight=180\u0026odnWidth=180\u0026odnBg=ffffff","isOutOfStock":false,"esrb":"","mediaRating":"","name":"Quest Tortilla Style Protein Chips, Nacho Cheese, 1.1oz - 4ct Pack","price":8.98,"preOrder":{"isPreOrder":false,"preOrderMessage":null,"preOrderStreetDateMessage":null},"priceInfo":{"itemPrice":"","linePrice":"$8.98","wasPrice":"","unitPrice":"$2.00/oz","shipPrice":"","minPrice":0,"minPriceForVariant":"","subscriptionPrice":"","subscriptionString":"","priceDisplayCondition":"","finalCostByWeight":false,"submapType":""},"rating":{"averageRating":0,"numberOfReviews":0},"salesUnit":"EACH","variantList":[],"isVariantTypeSwatch":false,"brand":null,"manufacturerName":null,"offerId":"B947FF6B39104892AE9011BBC38E9FFF","fitmentLabel":"","isAtfMarker":false,"sellerId":"F55CDC31AB754BB68FE0B39041159D63","sellerName":"Walmart.com","hasSellerBadge":null,"seller":{"name":"Walmart.com","sellerId":"F55CDC31AB754BB68FE0B39041159D63"},"sponsoredProduct":null,"checkStoreAvailabilityATC":false,"seeShippingEligibility":false,"rewards":null},{"__typename":"Product","availabilityStatusDisplayValue":"In stock","productLocationDisplayValue":null,"externalInfoUrl":"","canonicalUrl":"/ip/Tostitos-Scoops-Tortilla-Chips-Party-Size-14-5-oz-Bag/11027423?athbdg=L1600","canAddToCart":true,"showOptions":false,"showBuyNow":false,"description":"\u003cli\u003eScoops! are perfect for dipping\u003c/li\u003e\u003cli\u003eParty size bag is great for sharing at your next get together\u003c/li\u003e","flag":"Best seller","badge":{"key":"BESTSELLER","text":"Best seller","type":"LABEL","id":"L1600"},"fulfillmentBadges":["Pickup","Delivery","1-day shipping"],"fulfillmentIcon":{"key":"SAVE_WITH_W_PLUS","label":"Save with"},"fulfillmentBadge":"Today","fulfillmentSpeed":["TODAY"],"fulfillmentType":"STORE","groupMetaData":{"groupType":null,"groupSubType":null,"numberOfComponents":0,"groupComponents":null},"id":"1WNDJ01XK9P9","itemType":null,"usItemId":"11027423","image":"https://i5.walmartimages.com/asr/652e1ef0-c1b2-4c66-9d7c-448d0b1af060.25c69aa11df21e07c04c0880f158c87d.jpeg?odnHeight=180\u0026odnWidth=180\u0026odnBg=ffffff","isOutOfStock":false,"esrb":"","mediaRating":"","name":"Tostitos Scoops! Tortilla Chips Party Size, 14.5 oz Bag","price":4.48,"preOrder":{"isPreOrder":false,"preOrderMessage":null,"preOrderStreetDateMessage":null},"priceInfo":{"itemPrice":"","linePrice":"$4.48","wasPrice":"","unitPrice":"30.9 ¢/oz","shipPrice":"","minPrice":0,"minPriceForVariant":"","subscriptionPrice":"","subscriptionString":"","priceDisplayCondition":"","finalCostByWeight":false,"submapType":""},"rating":{"averageRating":4.3,"numberOfReviews":1633},"salesUnit":"EACH","variantList":[],"isVariantTypeSwatch":false,"brand":null,"manufacturerName":null,"offerId":"DD71170E05574526B2CA25572518ECE6","fitmentLabel":"","isAtfMarker":false,"sellerId":"F55CDC31AB754BB68FE0B39041159D63","sellerName":"Walmart.com","hasSellerBadge":null,"seller":{"name":"Walmart.com","sellerId":"F55CDC31AB754BB68FE0B39041159D63"},"sponsoredProduct":null,"checkStoreAvailabilityATC":false,"seeShippingEligibility":false,"rewards":null},{"__typename":"Product","availabilityStatusDisplayValue":"In stock","productLocationDisplayValue":null,"externalInfoUrl":"","canonicalUrl":"/ip/Frito-Lay-Flavor-Mix-Snacks-Variety-Pack-18-Count-Assortment-May-Vary/491303556","canAddToCart":true,"showOptions":false,"showBuyNow":false,"description":"\u003cli\u003eDelicious snacks your whole family will enjoy\u003c/li\u003e\u003cli\u003eIndividually packaged for easy on-the-go and flavor-filled snacking\u003c/li\u003e\u003cli\u003eGreat for packing in school or work lunches\u003c/li\u003e","flag":"","badge":{"text":"","id":"","type":"","key":""},"fulfillmentBadges":["3+ day shipping"],"fulfillmentBadge":"","fulfillmentSpeed":[],"fulfillmentType":"MARKETPLACE","groupMetaData":{"groupType":null,"groupSubType":null,"numberOfComponents":0,"groupComponents":null},"id":"0XEH4HPY7Q31","itemType":null,"usItemId":"491303556","image":"https://i5.walmartimages.com/asr/f00aee3f-ccd6-431b-872c-349343432723.e6bcbf717ebbe509d2bd551339982ed7.jpeg?odnHeight=180\u0026odnWidth=180\u0026odnBg=ffffff","isOutOfStock":false,"esrb":"","mediaRating":"","name":"Frito-Lay Flavor Mix Snacks Variety Pack, 18 Count (Assortment May Vary)","price":25.97,"preOrder":{"isPreOrder":false,"preOrderMessage":null,"preOrderStreetDateMessage":null},"priceInfo":{"itemPrice":"","linePrice":"$25.97","wasPrice":"","unitPrice":"","shipPrice":"","minPrice":0,"minPriceForVariant":"","subscriptionPrice":"","subscriptionString":"","priceDisplayCondition":"","finalCostByWeight":false,"submapType":""},"rating":{"averageRating":4.4,"numberOfReviews":759},"salesUnit":"EACH","variantList":[],"isVariantTypeSwatch":false,"brand":null,"manufacturerName":null,"offerId":"13A93885633444969A1176821DB3418D","fitmentLabel":"","isAtfMarker":true,"sellerId":"066207A23693446C8F133A67AD1DFF7D","sellerName":"Excellent Buyz Inc","hasSellerBadge":null,"seller":{"name":"Excellent Buyz Inc","sellerId":"066207A23693446C8F133A67AD1DFF7D"},"sponsoredProduct":null,"checkStoreAvailabilityATC":false,"seeShippingEligibility":false,"rewards":null},{"__typename":"Product","availabilityStatusDisplayValue":"In stock","productLocationDisplayValue":"A24","externalInfoUrl":"","canonicalUrl":"/ip/Cape-Cod-Potato-Chips-Original-Kettle-Chips-14-Oz-Party-Size/52796390?athbdg=L1600","canAddToCart":true,"showOptions":false,"showBuyNow":false,"description":"","flag":"Best seller","badge":{"key":"BESTSELLER","text":"Best seller","type":"LABEL","id":"L1600"},"fulfillmentBadges":["Pickup","Delivery","1-day shipping"],"fulfillmentIcon":{"key":"SAVE_WITH_W_PLUS","label":"Save with"},"fulfillmentBadge":"","fulfillmentSpeed":[],"fulfillmentType":"STORE","groupMetaData":{"groupType":null,"groupSubType":null,"numberOfComponents":0,"groupComponents":null},"id":"2OAR10MRZ6MQ","itemType":null,"usItemId":"52796390","image":"https://i5.walmartimages.com/asr/6ef02787-d433-463b-bacd-671a799190d3.04e3fa4dfe0f06deffa7380e5ce36788.jpeg?odnHeight=180\u0026odnWidth=180\u0026odnBg=FFFFFF","isOutOfStock":false,"esrb":"","mediaRating":"","name":"Cape Cod Potato Chips, Original Kettle Chips, 14 Oz Party Size","price":4.38,"preOrder":{"isPreOrder":false,"preOrderMessage":null,"preOrderStreetDateMessage":null},"priceInfo":{"itemPrice":"","linePrice":"$4.38","wasPrice":"","unitPrice":"31.3 ¢/oz","shipPrice":"","minPrice":0,"minPriceForVariant":"","subscriptionPrice":"","subscriptionString":"","priceDisplayCondition":"","finalCostByWeight":false,"submapType":""},"rating":{"averageRating":4.7,"numberOfReviews":835},"salesUnit":"EACH","variantList":[],"isVariantTypeSwatch":false,"brand":null,"manufacturerName":null,"offerId":"AB263F5278AA4A1AB10EDD383D74B58A","fitmentLabel":"","isAtfMarker":false,"sellerId":"F55CDC31AB754BB68FE0B39041159D63","sellerName":"Walmart.com","hasSellerBadge":null,"seller":{"name":"Walmart.com","sellerId":"F55CDC31AB754BB68FE0B39041159D63"},"sponsoredProduct":{"spQs":"j72vd_OVOI6ZYo7OzDUrp-L5IBTX-8VxI3JXDzVO6mK_dauc-jUEjOxivIWaPqmT01K-4Ry5Nrd_okj9ZklrI6oyHLqK8bcMiMkNRe0Wq01jLGOZ8k74fvX0mpZM4QDQD0Azwzq9H6BlK5YeKQOB-V4VbjlQ_-FUmqVyyiqHIIo","clickBeacon":"https://wrd.walmart.com/track?rdf=0\u0026adUid=5ae56148-c483-4d5e-8947-a05ac6c558ca\u0026plmt=__plmt__\u0026tax=976759_976787_1001390\u0026pltfm=desktop\u0026eventST=__eventST__\u0026pgId=976759_976787_1001390\u0026spQs=j72vd_OVOI6ZYo7OzDUrp-L5IBTX-8VxI3JXDzVO6mK_dauc-jUEjOxivIWaPqmT01K-4Ry5Nrd_okj9ZklrI6oyHLqK8bcMiMkNRe0Wq01jLGOZ8k74fvX0mpZM4QDQD0Azwzq9H6BlK5YeKQOB-V4VbjlQ_-FUmqVyyiqHIIo\u0026storeId=3081\u0026pt=browse\u0026pos=__pos__\u0026bt=__bt__\u0026mloc=sp-browse-middle\u0026bkt=2478","spTags":null},"checkStoreAvailabilityATC":false,"seeShippingEligibility":false,"rewards":null},{"__typename":"Product","availabilityStatusDisplayValue":"In stock","productLocationDisplayValue":null,"externalInfoUrl":"","canonicalUrl":"/ip/Cape-Cod-Potato-Chips-Less-Fat-Original-Kettle-Chips-8-Oz/22309156?athbdg=L1600","canAddToCart":false,"showOptions":true,"showBuyNow":false,"description":"","flag":"Best seller","badge":{"key":"BESTSELLER","text":"Best seller","type":"LABEL","id":"L1600"},"fulfillmentBadges":["3+ day shipping"],"fulfillmentIcon":{"key":"SAVE_WITH_W_PLUS","label":"Save with"},"fulfillmentBadge":"","fulfillmentSpeed":[],"fulfillmentType":"FC","groupMetaData":{"groupType":null,"groupSubType":null,"numberOfComponents":0,"groupComponents":null},"id":"1DIE9UDFRDB5","itemType":null,"usItemId":"22309156","image":"https://i5.walmartimages.com/asr/6091cf7f-a029-411c-8d9a-49263f008438.fd17151f4ff180bfce0542ec9c901e05.jpeg?odnHeight=180\u0026odnWidth=180\u0026odnBg=FFFFFF","isOutOfStock":false,"esrb":"","mediaRating":"","name":"Cape Cod Potato Chips, Less Fat Original Kettle Chips, 8 Oz","price":0,"preOrder":{"isPreOrder":false,"preOrderMessage":null,"preOrderStreetDateMessage":null},"priceInfo":{"itemPrice":"$10.98","linePrice":"","wasPrice":"$10.98","unitPrice":"","shipPrice":"","minPrice":3.28,"minPriceForVariant":"From $3.28","subscriptionPrice":"","subscriptionString":"","priceDisplayCondition":"","finalCostByWeight":false,"submapType":""},"rating":{"averageRating":4.7,"numberOfReviews":419},"salesUnit":"EACH","variantList":[],"isVariantTypeSwatch":false,"brand":null,"manufacturerName":null,"offerId":"EA78765793BA4F129BF1E38736CE54B7","fitmentLabel":"","isAtfMarker":false,"sellerId":"F55CDC31AB754BB68FE0B39041159D63","sellerName":"Walmart.com","hasSellerBadge":null,"seller":{"name":"Walmart.com","sellerId":"F55CDC31AB754BB68FE0B39041159D63"},"sponsoredProduct":{"spQs":"TgC08JCIofhxr7xDvm7a0eL5IBTX-8VxI3JXDzVO6mK_dauc-jUEjOxivIWaPqmT01K-4Ry5Nrd_okj9ZklrI-qGXOwMkNQxbyy0ex-0djcN7t_R9bKIo19w7KOdOoqjeafCAmtJdlcyW1zqqIN68F7zoSiypwJWZuvaoiBaZSI","clickBeacon":"https://wrd.walmart.com/track?rdf=0\u0026adUid=5ae56148-c483-4d5e-8947-a05ac6c558ca\u0026plmt=__plmt__\u0026tax=976759_976787_1001390\u0026pltfm=desktop\u0026eventST=__eventST__\u0026pgId=976759_976787_1001390\u0026spQs=TgC08JCIofhxr7xDvm7a0eL5IBTX-8VxI3JXDzVO6mK_dauc-jUEjOxivIWaPqmT01K-4Ry5Nrd_okj9ZklrI-qGXOwMkNQxbyy0ex-0djcN7t_R9bKIo19w7KOdOoqjeafCAmtJdlcyW1zqqIN68F7zoSiypwJWZuvaoiBaZSI\u0026storeId=3081\u0026pt=browse\u0026pos=__pos__\u0026bt=__bt__\u0026mloc=sp-browse-middle\u0026bkt=2478","spTags":null},"checkStoreAvailabilityATC":false,"seeShippingEligibility":false,"rewards":null},{"__typename":"Product","availabilityStatusDisplayValue":"In stock","productLocationDisplayValue":null,"externalInfoUrl":"","canonicalUrl":"/ip/Fritos-Original-Corn-Chips-9-25-oz/17056788?athbdg=L1600","canAddToCart":true,"showOptions":false,"showBuyNow":false,"description":"\u003cli\u003eTrusted Fritos taste you know and love\u003c/li\u003e\u003cli\u003eFritos tasty corn chips are a delicious lunch or dinner snack\u003c/li\u003e\u003cli\u003eGluten free\u003c/li\u003e","flag":"Best seller","badge":{"key":"BESTSELLER","text":"Best seller","type":"LABEL","id":"L1600"},"fulfillmentBadges":["Pickup","Delivery","1-day shipping"],"fulfillmentIcon":{"key":"SAVE_WITH_W_PLUS","label":"Save with"},"fulfillmentBadge":"Today","fulfillmentSpeed":["TODAY"],"fulfillmentType":"STORE","groupMetaData":{"groupType":null,"groupSubType":null,"numberOfComponents":0,"groupComponents":null},"id":"3BCI3ZA5JW6G","itemType":null,"usItemId":"17056788","image":"https://i5.walmartimages.com/asr/10d34172-a7dc-4339-9093-0622bf9c7a46.4db12b4bd8590213e9f3ed12291ca584.jpeg?odnHeight=180\u0026odnWidth=180\u0026odnBg=ffffff","isOutOfStock":false,"esrb":"","mediaRating":"","name":"Fritos Original Corn Chips, 9.25 oz","price":3,"preOrder":{"isPreOrder":false,"preOrderMessage":null,"preOrderStreetDateMessage":null},"priceInfo":{"itemPrice":"$3.48","linePrice":"$3.00","wasPrice":"$3.48","unitPrice":"32.4 ¢/oz","shipPrice":"","minPrice":0,"minPriceForVariant":"","subscriptionPrice":"","subscriptionString":"","priceDisplayCondition":"","finalCostByWeight":false,"submapType":""},"rating":{"averageRating":3.3,"numberOfReviews":115},"salesUnit":"EACH","variantList":[],"isVariantTypeSwatch":false,"brand":null,"manufacturerName":null,"offerId":"7D7DC6BEDDB3469396D983BDFFB60F6F","fitmentLabel":"","isAtfMarker":false,"sellerId":"F55CDC31AB754BB68FE0B39041159D63","sellerName":"Walmart.com","hasSellerBadge":null,"seller":{"name":"Walmart.com","sellerId":"F55CDC31AB754BB68FE0B39041159D63"},"sponsoredProduct":null,"checkStoreAvailabilityATC":false,"seeShippingEligibility":false,"rewards":null},{"__typename":"Product","availabilityStatusDisplayValue":"In stock","productLocationDisplayValue":null,"externalInfoUrl":"","canonicalUrl":"/ip/Santitas-Tortilla-Chips-11-Oz/22309171?athbdg=L1600","canAddToCart":true,"showOptions":false,"showBuyNow":false,"description":"\u003cli\u003e11.0-ounce bag\u003c/li\u003e\u003cli\u003eWhite corn tortilla chips\u003c/li\u003e\u003cli\u003eIdeal size for parties\u003c/li\u003e\u003cli\u003eGreat in recipes\u003c/li\u003e\u003cli\u003ePerfect for dipping\u003c/li\u003e\u003cli\u003eHigh-quality, stone ground corn\u003c/li\u003e","flag":"Best seller","badge":{"key":"BESTSELLER","text":"Best seller","type":"LABEL","id":"L1600"},"fulfillmentBadges":["Pickup","Delivery","1-day shipping"],"fulfillmentIcon":{"key":"SAVE_WITH_W_PLUS","label":"Save with"},"fulfillmentBadge":"Today","fulfillmentSpeed":["TODAY"],"fulfillmentType":"STORE","groupMetaData":{"groupType":null,"groupSubType":null,"numberOfComponents":0,"groupComponents":null},"id":"6WQ42FAVUASO","itemType":null,"usItemId":"22309171","image":"https://i5.walmartimages.com/asr/1b0a1112-01c3-47a3-a944-f5dea4f010f4.26990480e1a6bc58eb484d51edfa79b7.jpeg?odnHeight=180\u0026odnWidth=180\u0026odnBg=ffffff","isOutOfStock":false,"esrb":"","mediaRating":"","name":"Santitas Tortilla Chips, 11 Oz.","price":2.28,"preOrder":{"isPreOrder":false,"preOrderMessage":null,"preOrderStreetDateMessage":null},"priceInfo":{"itemPrice":"","linePrice":"$2.28","wasPrice":"","unitPrice":"20.7 ¢/oz","shipPrice":"","minPrice":0,"minPriceForVariant":"","subscriptionPrice":"","subscriptionString":"","priceDisplayCondition":"","finalCostByWeight":false,"submapType":""},"rating":{"averageRating":4.5,"numberOfReviews":590},"salesUnit":"EACH","variantList":[],"isVariantTypeSwatch":false,"brand":null,"manufacturerName":null,"offerId":"6E9CEF4B27C9454285B3AC22971367A6","fitmentLabel":"","isAtfMarker":false,"sellerId":"F55CDC31AB754BB68FE0B39041159D63","sellerName":"Walmart.com","hasSellerBadge":null,"seller":{"name":"Walmart.com","sellerId":"F55CDC31AB754BB68FE0B39041159D63"},"sponsoredProduct":null,"checkStoreAvailabilityATC":false,"seeShippingEligibility":false,"rewards":null},{"__typename":"Product","availabilityStatusDisplayValue":"In stock","productLocationDisplayValue":null,"externalInfoUrl":"","canonicalUrl":"/ip/Chesters-Flamin-Hot-Fries-Snacks-5-25-Oz/728242741?athbdg=L1600","canAddToCart":true,"showOptions":false,"showBuyNow":false,"description":"Chesters Hot Fries Value Line 5.25oz","flag":"Best seller","badge":{"key":"BESTSELLER","text":"Best seller","type":"LABEL","id":"L1600"},"fulfillmentBadges":["1-day shipping"],"fulfillmentIcon":{"key":"SAVE_WITH_W_PLUS","label":"Save with"},"fulfillmentBadge":"Tomorrow","fulfillmentSpeed":["TOMORROW"],"fulfillmentType":"FC","groupMetaData":{"groupType":null,"groupSubType":null,"numberOfComponents":0,"groupComponents":null},"id":"2ZF94NS68DPI","itemType":null,"usItemId":"728242741","image":"https://i5.walmartimages.com/asr/6b40efdf-c843-4a6f-a5c4-b4d7310e7076_1.5f7256273cdfc840d53cc4d0e5029b44.jpeg?odnHeight=180\u0026odnWidth=180\u0026odnBg=ffffff","isOutOfStock":false,"esrb":"","mediaRating":"","name":"Chesters Flamin' Hot Fries Snacks, 5.25 Oz.","price":2.28,"preOrder":{"isPreOrder":false,"preOrderMessage":null,"preOrderStreetDateMessage":null},"priceInfo":{"itemPrice":"","linePrice":"$2.28","wasPrice":"","unitPrice":"43.4 ¢/oz","shipPrice":"","minPrice":0,"minPriceForVariant":"","subscriptionPrice":"","subscriptionString":"","priceDisplayCondition":"","finalCostByWeight":false,"submapType":""},"rating":{"averageRating":4.6,"numberOfReviews":630},"salesUnit":"EACH","variantList":[],"isVariantTypeSwatch":false,"brand":null,"manufacturerName":null,"offerId":"9C20B2D1D7BD40EE8AA7FC02EA027F39","fitmentLabel":"","isAtfMarker":false,"sellerId":"F55CDC31AB754BB68FE0B39041159D63","sellerName":"Walmart.com","hasSellerBadge":null,"seller":{"name":"Walmart.com","sellerId":"F55CDC31AB754BB68FE0B39041159D63"},"sponsoredProduct":null,"checkStoreAvailabilityATC":false,"seeShippingEligibility":false,"rewards":null},{"__typename":"Product","availabilityStatusDisplayValue":"In stock","productLocationDisplayValue":null,"externalInfoUrl":"","canonicalUrl":"/ip/SunChips-Harvest-Cheddar-Flavored-Whole-Grain-Snacks-7-oz-Bag/32174172","canAddToCart":true,"showOptions":false,"showBuyNow":false,"description":"\u003cli\u003eMultigrain snacks flavored with cheddar cheese in a convenient take-home package\u003c/li\u003e\u003cli\u003e18g of whole grains per serving\u003c/li\u003e","flag":"","badge":{"text":"","id":"","type":"","key":""},"fulfillmentBadges":["Pickup","Delivery","1-day shipping"],"fulfillmentIcon":{"key":"SAVE_WITH_W_PLUS","label":"Save with"},"fulfillmentBadge":"Today","fulfillmentSpeed":["TODAY"],"fulfillmentType":"STORE","groupMetaData":{"groupType":null,"groupSubType":null,"numberOfComponents":0,"groupComponents":null},"id":"60A22XLF6DGP","itemType":null,"usItemId":"32174172","image":"https://i5.walmartimages.com/asr/f192cd28-ce49-420b-b5b5-d70037870e89_1.871a70f4ee4d37552b99a77c1a22fb23.jpeg?odnHeight=180\u0026odnWidth=180\u0026odnBg=ffffff","isOutOfStock":false,"esrb":"","mediaRating":"","name":"SunChips Harvest Cheddar Flavored Whole Grain Snacks, 7 oz. Bag","price":3.28,"preOrder":{"isPreOrder":false,"preOrderMessage":null,"preOrderStreetDateMessage":null},"priceInfo":{"itemPrice":"","linePrice":"$3.28","wasPrice":"","unitPrice":"46.9 ¢/oz","shipPrice":"","minPrice":0,"minPriceForVariant":"","subscriptionPrice":"","subscriptionString":"","priceDisplayCondition":"","finalCostByWeight":false,"submapType":""},"rating":{"averageRating":4.5,"numberOfReviews":339},"salesUnit":"EACH","variantList":[],"isVariantTypeSwatch":false,"brand":null,"manufacturerName":null,"offerId":"D17BEDE1A76D4C519C02881A0B4A6EE1","fitmentLabel":"","isAtfMarker":false,"sellerId":"F55CDC31AB754BB68FE0B39041159D63","sellerName":"Walmart.com","hasSellerBadge":null,"seller":{"name":"Walmart.com","sellerId":"F55CDC31AB754BB68FE0B39041159D63"},"sponsoredProduct":null,"checkStoreAvailabilityATC":false,"seeShippingEligibility":false,"rewards":null},{"__typename":"Product","availabilityStatusDisplayValue":"In stock","productLocationDisplayValue":null,"externalInfoUrl":"","canonicalUrl":"/ip/Fritos-Scoops-Original-Corn-Chips-9-25-Oz/49909692?athbdg=L1600","canAddToCart":true,"showOptions":false,"showBuyNow":false,"description":"\u003cli\u003eThe shape of this snack is ideal for pairing with a Frito-Lay dip\u003c/li\u003e\u003cli\u003eShare these chips with your friends and family\u003c/li\u003e","flag":"Best seller","badge":{"key":"BESTSELLER","text":"Best seller","type":"LABEL","id":"L1600"},"fulfillmentBadges":["Pickup","Delivery","2-day shipping"],"fulfillmentIcon":{"key":"SAVE_WITH_W_PLUS","label":"Save with"},"fulfillmentBadge":"Today","fulfillmentSpeed":["TODAY"],"fulfillmentType":"STORE","groupMetaData":{"groupType":null,"groupSubType":null,"numberOfComponents":0,"groupComponents":null},"id":"2MIF95NC50TK","itemType":null,"usItemId":"49909692","image":"https://i5.walmartimages.com/asr/4f29717a-59ce-4775-a294-54f3fcfa12cc.f38a6542d67e476626668398a681a231.jpeg?odnHeight=180\u0026odnWidth=180\u0026odnBg=ffffff","isOutOfStock":false,"esrb":"","mediaRating":"","name":"Fritos Scoops! Original Corn Chips, 9.25 Oz.","price":3,"preOrder":{"isPreOrder":false,"preOrderMessage":null,"preOrderStreetDateMessage":null},"priceInfo":{"itemPrice":"$3.48","linePrice":"$3.00","wasPrice":"$3.48","unitPrice":"32.4 ¢/oz","shipPrice":"","minPrice":0,"minPriceForVariant":"","subscriptionPrice":"","subscriptionString":"","priceDisplayCondition":"","finalCostByWeight":false,"submapType":""},"rating":{"averageRating":4.5,"numberOfReviews":495},"salesUnit":"EACH","variantList":[],"isVariantTypeSwatch":false,"brand":null,"manufacturerName":null,"offerId":"CB1D2A06A3E5422A834F7EBB86E3A36F","fitmentLabel":"","isAtfMarker":false,"sellerId":"F55CDC31AB754BB68FE0B39041159D63","sellerName":"Walmart.com","hasSellerBadge":null,"seller":{"name":"Walmart.com","sellerId":"F55CDC31AB754BB68FE0B39041159D63"},"sponsoredProduct":null,"checkStoreAvailabilityATC":false,"seeShippingEligibility":false,"rewards":null},{"__typename":"Product","availabilityStatusDisplayValue":"In stock","productLocationDisplayValue":null,"externalInfoUrl":"","canonicalUrl":"/ip/Funyuns-Onion-Flavored-Rings-6-oz-Bag/36915849?athbdg=L1600","canAddToCart":true,"showOptions":false,"showBuyNow":false,"description":"\u003cli\u003e6 oz. bag\u003c/li\u003e\u003cli\u003eCrunchy texture\u003c/li\u003e\u003cli\u003eOnion-flavored rings\u003c/li\u003e\u003cli\u003eFun and tasty snack\u003c/li\u003e\u003cli\u003eGreat for sharing\u003c/li\u003e","flag":"Best seller","badge":{"key":"BESTSELLER","text":"Best seller","type":"LABEL","id":"L1600"},"fulfillmentBadges":["1-day shipping"],"fulfillmentIcon":{"key":"SAVE_WITH_W_PLUS","label":"Save with"},"fulfillmentBadge":"Tomorrow","fulfillmentSpeed":["TOMORROW"],"fulfillmentType":"FC","groupMetaData":{"groupType":null,"groupSubType":null,"numberOfComponents":0,"groupComponents":null},"id":"3ID2WSWFWTDT","itemType":null,"usItemId":"36915849","image":"https://i5.walmartimages.com/asr/49f618c4-3d32-49cf-a7d9-e0a31350abcd.5f151cfb530de0c8db672a43b23f4744.jpeg?odnHeight=180\u0026odnWidth=180\u0026odnBg=ffffff","isOutOfStock":false,"esrb":"","mediaRating":"","name":"Funyuns Onion Flavored Rings, 6 oz Bag","price":4.28,"preOrder":{"isPreOrder":false,"preOrderMessage":null,"preOrderStreetDateMessage":null},"priceInfo":{"itemPrice":"$11.49","linePrice":"$4.28","wasPrice":"$11.49","unitPrice":"71.3 ¢/oz","shipPrice":"","minPrice":0,"minPriceForVariant":"","subscriptionPrice":"","subscriptionString":"","priceDisplayCondition":"","finalCostByWeight":false,"submapType":""},"rating":{"averageRating":4.4,"numberOfReviews":739},"salesUnit":"EACH","variantList":[],"isVariantTypeSwatch":false,"brand":null,"manufacturerName":null,"offerId":"4E68F07FFF4442CDA5B659C5D3EC818D","fitmentLabel":"","isAtfMarker":false,"sellerId":"F55CDC31AB754BB68FE0B39041159D63","sellerName":"Walmart.com","hasSellerBadge":null,"seller":{"name":"Walmart.com","sellerId":"F55CDC31AB754BB68FE0B39041159D63"},"sponsoredProduct":null,"checkStoreAvailabilityATC":false,"seeShippingEligibility":false,"rewards":null},{"__typename":"Product","availabilityStatusDisplayValue":"In stock","productLocationDisplayValue":null,"externalInfoUrl":"","canonicalUrl":"/ip/Ruffles-Potato-Chips-Original-8-5-Oz/336304484?athbdg=L1600","canAddToCart":true,"showOptions":false,"showBuyNow":false,"description":"\u003cli\u003eThe salted classic. A thicker, sturdier potato chip with Ruffles trademarked ridges.\u003c/li\u003e\u003cli\u003eThe thick ridges of Ruffles Potato Chips help hold more great potato chip flavor and stand up to the\u003c/li\u003e","flag":"Best seller","badge":{"key":"BESTSELLER","text":"Best seller","type":"LABEL","id":"L1600"},"fulfillmentBadges":["Pickup","Delivery","1-day shipping"],"fulfillmentIcon":{"key":"SAVE_WITH_W_PLUS","label":"Save with"},"fulfillmentBadge":"Today","fulfillmentSpeed":["TODAY"],"fulfillmentType":"STORE","groupMetaData":{"groupType":null,"groupSubType":null,"numberOfComponents":0,"groupComponents":null},"id":"1TM1KT0DH441","itemType":null,"usItemId":"336304484","image":"https://i5.walmartimages.com/asr/03925443-e67e-444b-a332-c92e472aa217.f21b416f216a885661af1376b9cc48c2.jpeg?odnHeight=180\u0026odnWidth=180\u0026odnBg=ffffff","isOutOfStock":false,"esrb":"","mediaRating":"","name":"Ruffles Potato Chips Original 8.5 Oz","price":3,"preOrder":{"isPreOrder":false,"preOrderMessage":null,"preOrderStreetDateMessage":null},"priceInfo":{"itemPrice":"","linePrice":"$3.00","wasPrice":"","unitPrice":"35.3 ¢/oz","shipPrice":"","minPrice":0,"minPriceForVariant":"","subscriptionPrice":"","subscriptionString":"","priceDisplayCondition":"","finalCostByWeight":false,"submapType":""},"rating":{"averageRating":3.7,"numberOfReviews":53},"salesUnit":"EACH","variantList":[],"isVariantTypeSwatch":false,"brand":null,"manufacturerName":null,"offerId":"48ECE23F6A4A4D4D87DA3DF55983B8FF","fitmentLabel":"","isAtfMarker":false,"sellerId":"F55CDC31AB754BB68FE0B39041159D63","sellerName":"Walmart.com","hasSellerBadge":null,"seller":{"name":"Walmart.com","sellerId":"F55CDC31AB754BB68FE0B39041159D63"},"sponsoredProduct":null,"checkStoreAvailabilityATC":false,"seeShippingEligibility":false,"rewards":null},{"__typename":"Product","availabilityStatusDisplayValue":"In stock","productLocationDisplayValue":null,"externalInfoUrl":"","canonicalUrl":"/ip/Great-Value-Restaurant-Style-White-Corn-Tortilla-Chips-13-oz/12335104","canAddToCart":true,"showOptions":false,"showBuyNow":false,"description":"\u003cli\u003eSweet, crunchy tortilla chips\u003c/li\u003e\u003cli\u003ePerfect partner for hummus, spinach dip, French onion dip, guacamole, and salsa\u003c/li\u003e\u003cli\u003eRestaurant style\u003c/li\u003e","flag":"","badge":{"text":"","id":"","type":"","key":""},"fulfillmentBadges":["Pickup","Delivery","1-day shipping"],"fulfillmentIcon":{"key":"SAVE_WITH_W_PLUS","label":"Save with"},"fulfillmentBadge":"Today","fulfillmentSpeed":["TODAY"],"fulfillmentType":"STORE","groupMetaData":{"groupType":null,"groupSubType":null,"numberOfComponents":0,"groupComponents":null},"id":"6GK4M33UDT48","itemType":null,"usItemId":"12335104","image":"https://i5.walmartimages.com/asr/33b5b638-bd70-49d8-a125-516773c0b68e_2.65b4972866e57a41cc8b79f42b5a5102.jpeg?odnHeight=180\u0026odnWidth=180\u0026odnBg=ffffff","isOutOfStock":false,"esrb":"","mediaRating":"","name":"Great Value Restaurant Style White Corn Tortilla Chips, 13 oz","price":1.74,"preOrder":{"isPreOrder":false,"preOrderMessage":null,"preOrderStreetDateMessage":null},"priceInfo":{"itemPrice":"","linePrice":"$1.74","wasPrice":"","unitPrice":"13.4 ¢/oz","shipPrice":"","minPrice":0,"minPriceForVariant":"","subscriptionPrice":"","subscriptionString":"","priceDisplayCondition":"","finalCostByWeight":false,"submapType":""},"rating":{"averageRating":4.2,"numberOfReviews":516},"salesUnit":"EACH","variantList":[],"isVariantTypeSwatch":false,"brand":null,"manufacturerName":null,"offerId":"29E9522FDE0340B5B145CF726348F1D3","fitmentLabel":"","isAtfMarker":false,"sellerId":"F55CDC31AB754BB68FE0B39041159D63","sellerName":"Walmart.com","hasSellerBadge":null,"seller":{"name":"Walmart.com","sellerId":"F55CDC31AB754BB68FE0B39041159D63"},"sponsoredProduct":null,"checkStoreAvailabilityATC":false,"seeShippingEligibility":false,"rewards":null},{"__typename":"Product","availabilityStatusDisplayValue":"In stock","productLocationDisplayValue":"A20","externalInfoUrl":"","canonicalUrl":"/ip/Takis-Fuego-Rolled-Tortilla-Chips-Hot-Chili-Pepper-and-Lime-Artificially-Flavored-20-Ounce-Fiesta-Size-Bag/655094884","canAddToCart":true,"showOptions":false,"showBuyNow":false,"description":"","flag":"","badge":{"text":"","id":"","type":"","key":""},"fulfillmentBadges":["Pickup","Delivery","1-day shipping"],"fulfillmentIcon":{"key":"SAVE_WITH_W_PLUS","label":"Save with"},"fulfillmentBadge":"","fulfillmentSpeed":[],"fulfillmentType":"STORE","groupMetaData":{"groupType":null,"groupSubType":null,"numberOfComponents":0,"groupComponents":null},"id":"340CQEC17FR7","itemType":null,"usItemId":"655094884","image":"https://i5.walmartimages.com/asr/77fae496-d0a6-4289-8f33-2496553175d6.73408a2f420a364571a0a0104663be4e.jpeg?odnHeight=180\u0026odnWidth=180\u0026odnBg=FFFFFF","isOutOfStock":false,"esrb":"","mediaRating":"","name":"Takis Fuego Rolled Tortilla Chips, Hot Chili Pepper and Lime Artificially Flavored, 20 Ounce Fiesta Size Bag","price":4.47,"preOrder":{"isPreOrder":false,"preOrderMessage":null,"preOrderStreetDateMessage":null},"priceInfo":{"itemPrice":"","linePrice":"$4.47","wasPrice":"","unitPrice":"22.4 ¢/oz","shipPrice":"","minPrice":0,"minPriceForVariant":"","subscriptionPrice":"","subscriptionString":"","priceDisplayCondition":"","finalCostByWeight":false,"submapType":""},"rating":{"averageRating":4.6,"numberOfReviews":347},"salesUnit":"EACH","variantList":[],"isVariantTypeSwatch":false,"brand":null,"manufacturerName":null,"offerId":"90E64B948B8247F5B91C4200B2A5487E","fitmentLabel":"","isAtfMarker":false,"sellerId":"F55CDC31AB754BB68FE0B39041159D63","sellerName":"Walmart.com","hasSellerBadge":null,"seller":{"name":"Walmart.com","sellerId":"F55CDC31AB754BB68FE0B39041159D63"},"sponsoredProduct":{"spQs":"J5TYYnzQtuEdDTzlQp2ydbp7wzrxDKLQ3QfjOcdZJmiksLIKH8GdMHI51EBhDsz8qB3PbyLVAuoEidKhDBfv189ZQ00bNQsSkwMVzGoxRBK7GfsTspGxKWXGwW2lp_glBvJ-XNdbkrDEMXNHDkZzz1sdwWtHuW-nfgHHnze8lxk","clickBeacon":"https://wrd.walmart.com/track?rdf=0\u0026adUid=5ae56148-c483-4d5e-8947-a05ac6c558ca\u0026plmt=__plmt__\u0026tax=976759_976787_1001390\u0026pltfm=desktop\u0026eventST=__eventST__\u0026pgId=976759_976787_1001390\u0026spQs=J5TYYnzQtuEdDTzlQp2ydbp7wzrxDKLQ3QfjOcdZJmiksLIKH8GdMHI51EBhDsz8qB3PbyLVAuoEidKhDBfv189ZQ00bNQsSkwMVzGoxRBK7GfsTspGxKWXGwW2lp_glBvJ-XNdbkrDEMXNHDkZzz1sdwWtHuW-nfgHHnze8lxk\u0026storeId=3081\u0026pt=browse\u0026pos=__pos__\u0026bt=__bt__\u0026mloc=sp-browse-middle\u0026bkt=2478","spTags":null},"checkStoreAvailabilityATC":false,"seeShippingEligibility":false,"rewards":null},{"__typename":"Product","availabilityStatusDisplayValue":"In stock","productLocationDisplayValue":"A24","externalInfoUrl":"","canonicalUrl":"/ip/Quaker-Rice-Cakes-Apple-Cinnamon-6-53-Oz/36929091?athbdg=L1600","canAddToCart":true,"showOptions":false,"showBuyNow":false,"description":"","flag":"Best seller","badge":{"key":"BESTSELLER","text":"Best seller","type":"LABEL","id":"L1600"},"fulfillmentBadges":["Pickup","Delivery","1-day shipping"],"fulfillmentIcon":{"key":"SAVE_WITH_W_PLUS","label":"Save with"},"fulfillmentBadge":"","fulfillmentSpeed":[],"fulfillmentType":"STORE","groupMetaData":{"groupType":null,"groupSubType":null,"numberOfComponents":0,"groupComponents":null},"id":"6NG0MDFJYBVP","itemType":null,"usItemId":"36929091","image":"https://i5.walmartimages.com/asr/e74d0390-400d-4fd8-9f4b-078d80131a31_1.c46cd0292c9ee794f44db46a58301018.jpeg?odnHeight=180\u0026odnWidth=180\u0026odnBg=FFFFFF","isOutOfStock":false,"esrb":"","mediaRating":"","name":"Quaker Rice Cakes, Apple Cinnamon, 6.53 Oz","price":3,"preOrder":{"isPreOrder":false,"preOrderMessage":null,"preOrderStreetDateMessage":null},"priceInfo":{"itemPrice":"","linePrice":"$3.00","wasPrice":"","unitPrice":"45.9 ¢/oz","shipPrice":"","minPrice":0,"minPriceForVariant":"","subscriptionPrice":"","subscriptionString":"","priceDisplayCondition":"","finalCostByWeight":false,"submapType":""},"rating":{"averageRating":4.7,"numberOfReviews":320},"salesUnit":"EACH","variantList":[],"isVariantTypeSwatch":false,"brand":null,"manufacturerName":null,"offerId":"43C5720091A441C58C5C94DE3F3980E7","fitmentLabel":"","isAtfMarker":false,"sellerId":"F55CDC31AB754BB68FE0B39041159D63","sellerName":"Walmart.com","hasSellerBadge":null,"seller":{"name":"Walmart.com","sellerId":"F55CDC31AB754BB68FE0B39041159D63"},"sponsoredProduct":{"spQs":"AS4Tq8aDCicqS4EDUUfsBlpBzYlGJAF13vTWAYfTooe9_8F_b0Qj2GNKrGnsLHGV4dty2vNVKphEUpOMUm7zMMR5zPgaS36Yy3wDwlivHsJCz2ykXjhD6uesKjEti8z-uDUtN7SJ2ANn8jNg2uj-6UimKnTTQtZNIODCKzTs2tY","clickBeacon":"https://wrd.walmart.com/track?rdf=0\u0026adUid=5ae56148-c483-4d5e-8947-a05ac6c558ca\u0026plmt=__plmt__\u0026tax=976759_976787_1001390\u0026pltfm=desktop\u0026eventST=__eventST__\u0026pgId=976759_976787_1001390\u0026spQs=AS4Tq8aDCicqS4EDUUfsBlpBzYlGJAF13vTWAYfTooe9_8F_b0Qj2GNKrGnsLHGV4dty2vNVKphEUpOMUm7zMMR5zPgaS36Yy3wDwlivHsJCz2ykXjhD6uesKjEti8z-uDUtN7SJ2ANn8jNg2uj-6UimKnTTQtZNIODCKzTs2tY\u0026storeId=3081\u0026pt=browse\u0026pos=__pos__\u0026bt=__bt__\u0026mloc=sp-browse-middle\u0026bkt=2478","spTags":null},"checkStoreAvailabilityATC":false,"seeShippingEligibility":false,"rewards":null},{"__typename":"Product","availabilityStatusDisplayValue":"In stock","productLocationDisplayValue":null,"externalInfoUrl":"","canonicalUrl":"/ip/Cheetos-Puff-Cheese-Flavored-Snack-8-oz/36915845?athbdg=L1600","canAddToCart":true,"showOptions":false,"showBuyNow":false,"description":"\u003cli\u003eCheesy puffs snack perfect for sharing with your friends\u003c/li\u003e\u003cli\u003eShare the bag with friends to bring the fun to a party\u003c/li\u003e","flag":"Best seller","badge":{"key":"BESTSELLER","text":"Best seller","type":"LABEL","id":"L1600"},"fulfillmentBadges":["Pickup","Delivery","1-day shipping"],"fulfillmentIcon":{"key":"SAVE_WITH_W_PLUS","label":"Save with"},"fulfillmentBadge":"Today","fulfillmentSpeed":["TODAY"],"fulfillmentType":"STORE","groupMetaData":{"groupType":null,"groupSubType":null,"numberOfComponents":0,"groupComponents":null},"id":"1Y7FMLU33A8O","itemType":null,"usItemId":"36915845","image":"https://i5.walmartimages.com/asr/04473502-0397-47b2-8106-64bcd3dea272.dbe6970630307c1f3d6a4f80f07ec393.jpeg?odnHeight=180\u0026odnWidth=180\u0026odnBg=ffffff","isOutOfStock":false,"esrb":"","mediaRating":"","name":"Cheetos Puff Cheese Flavored Snack, 8 oz","price":3.48,"preOrder":{"isPreOrder":false,"preOrderMessage":null,"preOrderStreetDateMessage":null},"priceInfo":{"itemPrice":"$11.49","linePrice":"$3.48","wasPrice":"$11.49","unitPrice":"43.5 ¢/oz","shipPrice":"","minPrice":0,"minPriceForVariant":"","subscriptionPrice":"","subscriptionString":"","priceDisplayCondition":"","finalCostByWeight":false,"submapType":""},"rating":{"averageRating":4.8,"numberOfReviews":719},"salesUnit":"EACH","variantList":[],"isVariantTypeSwatch":false,"brand":null,"manufacturerName":null,"offerId":"B898A848A2434DE9A9EC2E728446CEB1","fitmentLabel":"","isAtfMarker":false,"sellerId":"F55CDC31AB754BB68FE0B39041159D63","sellerName":"Walmart.com","hasSellerBadge":null,"seller":{"name":"Walmart.com","sellerId":"F55CDC31AB754BB68FE0B39041159D63"},"sponsoredProduct":null,"checkStoreAvailabilityATC":false,"seeShippingEligibility":false,"rewards":null},{"__typename":"Product","availabilityStatusDisplayValue":"In stock","productLocationDisplayValue":null,"externalInfoUrl":"","canonicalUrl":"/ip/Pringles-Potato-Crisps-Chips-Lunch-Snacks-On-The-Go-Snacks-Sour-Cream-and-Onion-5-5-Oz-Can/108065286?athbdg=L1600","canAddToCart":true,"showOptions":false,"showBuyNow":false,"description":"\u003cli\u003eIncludes 1, 5.5-ounce can of ready to eat potato crisps\u003c/li\u003e","flag":"Best seller","badge":{"key":"BESTSELLER","text":"Best seller","type":"LABEL","id":"L1600"},"fulfillmentBadges":["Pickup","Delivery"],"fulfillmentIcon":{"key":"SAVE_WITH_W_PLUS","label":"Save with"},"fulfillmentBadge":"Today","fulfillmentSpeed":["TODAY"],"fulfillmentType":"STORE","groupMetaData":{"groupType":null,"groupSubType":null,"numberOfComponents":0,"groupComponents":null},"id":"1BR8WA64LMQI","itemType":null,"usItemId":"108065286","image":"https://i5.walmartimages.com/asr/0080a304-703e-445d-9fd0-d3ec23ae4665.3f2af747cf6b3a709f64bbfb50471084.jpeg?odnHeight=180\u0026odnWidth=180\u0026odnBg=ffffff","isOutOfStock":false,"esrb":"","mediaRating":"","name":"Pringles Potato Crisps Chips, Lunch Snacks, On The Go Snacks, Sour Cream and Onion, 5.5 Oz, Can","price":1.78,"preOrder":{"isPreOrder":false,"preOrderMessage":null,"preOrderStreetDateMessage":null},"priceInfo":{"itemPrice":"","linePrice":"$1.78","wasPrice":"","unitPrice":"32.4 ¢/oz","shipPrice":"","minPrice":0,"minPriceForVariant":"","subscriptionPrice":"","subscriptionString":"","priceDisplayCondition":"","finalCostByWeight":false,"submapType":""},"rating":{"averageRating":4.3,"numberOfReviews":1255},"salesUnit":"EACH","variantList":[],"isVariantTypeSwatch":false,"brand":null,"manufacturerName":null,"offerId":"2A0AD36E09884FE2B9B4C605B32FAEE9","fitmentLabel":"","isAtfMarker":false,"sellerId":"F55CDC31AB754BB68FE0B39041159D63","sellerName":"Walmart.com","hasSellerBadge":null,"seller":{"name":"Walmart.com","sellerId":"F55CDC31AB754BB68FE0B39041159D63"},"sponsoredProduct":null,"checkStoreAvailabilityATC":false,"seeShippingEligibility":false,"rewards":null},{"__typename":"Product","availabilityStatusDisplayValue":"In stock","productLocationDisplayValue":null,"externalInfoUrl":"","canonicalUrl":"/ip/Ruffles-Potato-Chips-Cheddar-Sour-Cream-Flavored-12-5-Oz/411914231","canAddToCart":true,"showOptions":false,"showBuyNow":false,"description":"\u003cli\u003eA blend of rich, velvety cheddar with smooth, creamy sour cream flavor.\u003c/li\u003e\u003cli\u003eThe thick ridges of Ruffles Potato Chips help hold more great potato chip flavor and stand up to the thickest dips\u003c/li\u003e","flag":"","badge":{"text":"","id":"","type":"","key":""},"fulfillmentBadges":["Pickup","Delivery","1-day shipping"],"fulfillmentIcon":{"key":"SAVE_WITH_W_PLUS","label":"Save with"},"fulfillmentBadge":"Today","fulfillmentSpeed":["TODAY"],"fulfillmentType":"STORE","groupMetaData":{"groupType":null,"groupSubType":null,"numberOfComponents":0,"groupComponents":null},"id":"362KL5Q6ZQK5","itemType":null,"usItemId":"411914231","image":"https://i5.walmartimages.com/asr/a20bde21-cafa-45bb-8d99-4dfbd1fb456c.e6e863612e609cf701751259f37ff4de.jpeg?odnHeight=180\u0026odnWidth=180\u0026odnBg=ffffff","isOutOfStock":false,"esrb":"","mediaRating":"","name":"Ruffles Potato Chips Cheddar \u0026 Sour Cream Flavored 12.5 Oz","price":4.48,"preOrder":{"isPreOrder":false,"preOrderMessage":null,"preOrderStreetDateMessage":null},"priceInfo":{"itemPrice":"","linePrice":"$4.48","wasPrice":"","unitPrice":"35.8 ¢/oz","shipPrice":"","minPrice":0,"minPriceForVariant":"","subscriptionPrice":"","subscriptionString":"","priceDisplayCondition":"","finalCostByWeight":false,"submapType":""},"rating":{"averageRating":4.2,"numberOfReviews":107},"salesUnit":"EACH","variantList":[],"isVariantTypeSwatch":false,"brand":null,"manufacturerName":null,"offerId":"8B89E41AEA764133AD8A04614DC5EA4C","fitmentLabel":"","isAtfMarker":false,"sellerId":"F55CDC31AB754BB68FE0B39041159D63","sellerName":"Walmart.com","hasSellerBadge":null,"seller":{"name":"Walmart.com","sellerId":"F55CDC31AB754BB68FE0B39041159D63"},"sponsoredProduct":null,"checkStoreAvailabilityATC":false,"seeShippingEligibility":false,"rewards":null},{"__typename":"Product","availabilityStatusDisplayValue":"In stock","productLocationDisplayValue":null,"externalInfoUrl":"","canonicalUrl":"/ip/Ruffles-Original-Potato-Chips-Party-Size-13-oz/910985070","canAddToCart":true,"showOptions":false,"showBuyNow":false,"description":"\u003cli\u003eOriginal flavor\u003c/li\u003e\u003cli\u003eThe thick ridges of Ruffles Potato Chips help hold more great potato chip flavor and stand up to the thickest dips\u003c/li\u003e\u003cli\u003eParty size bag is perfect for sharing\u003c/li\u003e","flag":"","badge":{"text":"","id":"","type":"","key":""},"fulfillmentBadges":["Pickup","Delivery","1-day shipping"],"fulfillmentIcon":{"key":"SAVE_WITH_W_PLUS","label":"Save with"},"fulfillmentBadge":"Today","fulfillmentSpeed":["TODAY"],"fulfillmentType":"STORE","groupMetaData":{"groupType":null,"groupSubType":null,"numberOfComponents":0,"groupComponents":null},"id":"3LD0EFWV48WW","itemType":null,"usItemId":"910985070","image":"https://i5.walmartimages.com/asr/ca2f87e4-e7af-4caf-87d9-93ddcc5cfb29.7a2a872b8b0a64647c53e6a6375cc935.jpeg?odnHeight=180\u0026odnWidth=180\u0026odnBg=ffffff","isOutOfStock":false,"esrb":"","mediaRating":"","name":"Ruffles Original Potato Chips Party Size, 13 oz","price":4.48,"preOrder":{"isPreOrder":false,"preOrderMessage":null,"preOrderStreetDateMessage":null},"priceInfo":{"itemPrice":"","linePrice":"$4.48","wasPrice":"","unitPrice":"34.5 ¢/oz","shipPrice":"","minPrice":0,"minPriceForVariant":"","subscriptionPrice":"","subscriptionString":"","priceDisplayCondition":"","finalCostByWeight":false,"submapType":""},"rating":{"averageRating":4.1,"numberOfReviews":178},"salesUnit":"EACH","variantList":[],"isVariantTypeSwatch":false,"brand":null,"manufacturerName":null,"offerId":"2981FAF216F2427F9F509675FA4C14EE","fitmentLabel":"","isAtfMarker":false,"sellerId":"F55CDC31AB754BB68FE0B39041159D63","sellerName":"Walmart.com","hasSellerBadge":null,"seller":{"name":"Walmart.com","sellerId":"F55CDC31AB754BB68FE0B39041159D63"},"sponsoredProduct":null,"checkStoreAvailabilityATC":false,"seeShippingEligibility":false,"rewards":null},{"__typename":"Product","availabilityStatusDisplayValue":"In stock","productLocationDisplayValue":null,"externalInfoUrl":"","canonicalUrl":"/ip/Tostitos-Bite-Size-Tortilla-Round-Chips-12-oz/971901439?athbdg=L1600","canAddToCart":true,"showOptions":false,"showBuyNow":false,"description":"\u003cli\u003ePerfect for dipping\u003c/li\u003e\u003cli\u003eNo artificial flavors or preservatives\u003c/li\u003e\u003cli\u003eLarge bag is great for sharing\u003c/li\u003e","flag":"Best seller","badge":{"key":"BESTSELLER","text":"Best seller","type":"LABEL","id":"L1600"},"fulfillmentBadges":["Pickup","Delivery","1-day shipping"],"fulfillmentIcon":{"key":"SAVE_WITH_W_PLUS","label":"Save with"},"fulfillmentBadge":"Today","fulfillmentSpeed":["TODAY"],"fulfillmentType":"STORE","groupMetaData":{"groupType":null,"groupSubType":null,"numberOfComponents":0,"groupComponents":null},"id":"43PT0BD3F2ZK","itemType":null,"usItemId":"971901439","image":"https://i5.walmartimages.com/asr/95ff5426-f2b7-4dbd-8f19-6431012ee3f0.0c43ef1ae7ad75278cc273bdd3e8606d.jpeg?odnHeight=180\u0026odnWidth=180\u0026odnBg=ffffff","isOutOfStock":false,"esrb":"","mediaRating":"","name":"Tostitos Bite Size Tortilla Round Chips, 12 oz","price":3.48,"preOrder":{"isPreOrder":false,"preOrderMessage":null,"preOrderStreetDateMessage":null},"priceInfo":{"itemPrice":"","linePrice":"$3.48","wasPrice":"","unitPrice":"29.0 ¢/oz","shipPrice":"","minPrice":0,"minPriceForVariant":"","subscriptionPrice":"","subscriptionString":"","priceDisplayCondition":"","finalCostByWeight":false,"submapType":""},"rating":{"averageRating":4,"numberOfReviews":37},"salesUnit":"EACH","variantList":[],"isVariantTypeSwatch":false,"brand":null,"manufacturerName":null,"offerId":"E0B4B1F6BAB54C32B722AD09A7DE3B09","fitmentLabel":"","isAtfMarker":false,"sellerId":"F55CDC31AB754BB68FE0B39041159D63","sellerName":"Walmart.com","hasSellerBadge":null,"seller":{"name":"Walmart.com","sellerId":"F55CDC31AB754BB68FE0B39041159D63"},"sponsoredProduct":null,"checkStoreAvailabilityATC":false,"seeShippingEligibility":false,"rewards":null},{"__typename":"Product","availabilityStatusDisplayValue":"In stock","productLocationDisplayValue":null,"externalInfoUrl":"","canonicalUrl":"/ip/Smartfood-White-Cheddar-Popcorn-6-75-oz-Bag/171369548","canAddToCart":true,"showOptions":false,"showBuyNow":false,"description":"\u003cli\u003eNo artificial color or flavors\u003c/li\u003e\u003cli\u003eNo artificial preservatives\u003c/li\u003e\u003cli\u003eGluten free\u003c/li\u003e\u003cli\u003eDelicious white cheddar cheese flavor\u003c/li\u003e\u003cli\u003eLarge bag is perfect for sharing\u003c/li\u003e","flag":"","badge":{"text":"","id":"","type":"","key":""},"fulfillmentBadges":["Pickup","Delivery","2-day shipping"],"fulfillmentIcon":{"key":"SAVE_WITH_W_PLUS","label":"Save with"},"fulfillmentBadge":"Today","fulfillmentSpeed":["TODAY"],"fulfillmentType":"STORE","groupMetaData":{"groupType":null,"groupSubType":null,"numberOfComponents":0,"groupComponents":null},"id":"1YB6ZOH33B2B","itemType":null,"usItemId":"171369548","image":"https://i5.walmartimages.com/asr/994bc3b2-b818-45a6-935a-11c3e5664868.b08c2f8be8b5bd73ec493fad5e613fdf.jpeg?odnHeight=180\u0026odnWidth=180\u0026odnBg=ffffff","isOutOfStock":false,"esrb":"","mediaRating":"","name":"Smartfood White Cheddar Popcorn, 6.75 oz Bag","price":3.28,"preOrder":{"isPreOrder":false,"preOrderMessage":null,"preOrderStreetDateMessage":null},"priceInfo":{"itemPrice":"","linePrice":"$3.28","wasPrice":"","unitPrice":"48.6 ¢/oz","shipPrice":"","minPrice":0,"minPriceForVariant":"","subscriptionPrice":"","subscriptionString":"","priceDisplayCondition":"","finalCostByWeight":false,"submapType":""},"rating":{"averageRating":4.5,"numberOfReviews":107},"salesUnit":"EACH","variantList":[],"isVariantTypeSwatch":false,"brand":null,"manufacturerName":null,"offerId":"A7DDD3FA933B4D218DD690C41E5CC9F8","fitmentLabel":"","isAtfMarker":false,"sellerId":"F55CDC31AB754BB68FE0B39041159D63","sellerName":"Walmart.com","hasSellerBadge":null,"seller":{"name":"Walmart.com","sellerId":"F55CDC31AB754BB68FE0B39041159D63"},"sponsoredProduct":null,"checkStoreAvailabilityATC":false,"seeShippingEligibility":false,"rewards":null},{"__typename":"Product","availabilityStatusDisplayValue":"In stock","productLocationDisplayValue":null,"externalInfoUrl":"","canonicalUrl":"/ip/Juanitas-Gluten-Free-Tortilla-Chips-15-Oz/16627439","canAddToCart":true,"showOptions":false,"showBuyNow":false,"description":"\u003cli\u003eMade with the finest ingredients\u003c/li\u003e\u003cli\u003eGluten free\u003c/li\u003e","flag":"","badge":{"text":"","id":"","type":"","key":""},"fulfillmentBadges":["2-day shipping"],"fulfillmentIcon":{"key":"SAVE_WITH_W_PLUS","label":"Save with"},"fulfillmentBadge":"2 days","fulfillmentSpeed":["2 days"],"fulfillmentType":"FC","groupMetaData":{"groupType":null,"groupSubType":null,"numberOfComponents":0,"groupComponents":null},"id":"5XHTSBHRHXER","itemType":null,"usItemId":"16627439","image":"https://i5.walmartimages.com/asr/f4ee504d-f817-4d31-8927-67d821fecdc2_1.5f6e10838f289aede6301ff402dfd068.jpeg?odnHeight=180\u0026odnWidth=180\u0026odnBg=ffffff","isOutOfStock":false,"esrb":"","mediaRating":"","name":"Juanitas Gluten-Free Tortilla Chips 15 Oz.","price":3.49,"preOrder":{"isPreOrder":false,"preOrderMessage":null,"preOrderStreetDateMessage":null},"priceInfo":{"itemPrice":"","linePrice":"$3.49","wasPrice":"","unitPrice":"23.3 ¢/oz","shipPrice":"","minPrice":0,"minPriceForVariant":"","subscriptionPrice":"","subscriptionString":"","priceDisplayCondition":"","finalCostByWeight":false,"submapType":""},"rating":{"averageRating":4.9,"numberOfReviews":36},"salesUnit":"EACH","variantList":[],"isVariantTypeSwatch":false,"brand":null,"manufacturerName":null,"offerId":"AF05FE633A67403C810105269307CFE0","fitmentLabel":"","isAtfMarker":false,"sellerId":"F55CDC31AB754BB68FE0B39041159D63","sellerName":"Walmart.com","hasSellerBadge":null,"seller":{"name":"Walmart.com","sellerId":"F55CDC31AB754BB68FE0B39041159D63"},"sponsoredProduct":null,"checkStoreAvailabilityATC":false,"seeShippingEligibility":false,"rewards":null},{"__typename":"Product","availabilityStatusDisplayValue":"In stock","productLocationDisplayValue":null,"externalInfoUrl":"","canonicalUrl":"/ip/Frito-Lay-Classic-Mix-Snacks-Variety-Pack-18-Count-Assortment-May-Vary/535982445","canAddToCart":true,"showOptions":false,"showBuyNow":false,"description":"\u003cli\u003eMix refresh!\u003c/li\u003e\u003cli\u003eIndividually wrapped, perfect for packing lunches\u003c/li\u003e","flag":"","badge":{"text":"","id":"","type":"","key":""},"fulfillmentBadges":["3+ day shipping"],"fulfillmentBadge":"","fulfillmentSpeed":[],"fulfillmentType":"MARKETPLACE","groupMetaData":{"groupType":null,"groupSubType":null,"numberOfComponents":0,"groupComponents":null},"id":"350UZWE91DCJ","itemType":null,"usItemId":"535982445","image":"https://i5.walmartimages.com/asr/417a922d-ccd9-4028-9252-fcb5fccd4dc3.f010ca5d09e2b3d4963d345f8ae6d4a5.jpeg?odnHeight=180\u0026odnWidth=180\u0026odnBg=ffffff","isOutOfStock":false,"esrb":"","mediaRating":"","name":"Frito-Lay Classic Mix Snacks Variety Pack, 18 Count (Assortment May Vary)","price":23.79,"preOrder":{"isPreOrder":false,"preOrderMessage":null,"preOrderStreetDateMessage":null},"priceInfo":{"itemPrice":"","linePrice":"$23.79","wasPrice":"","unitPrice":"","shipPrice":"","minPrice":0,"minPriceForVariant":"","subscriptionPrice":"","subscriptionString":"","priceDisplayCondition":"","finalCostByWeight":false,"submapType":""},"rating":{"averageRating":4.5,"numberOfReviews":735},"salesUnit":"EACH","variantList":[],"isVariantTypeSwatch":false,"brand":null,"manufacturerName":null,"offerId":"A61336627DAE4E98BB679B7330735B0B","fitmentLabel":"","isAtfMarker":false,"sellerId":"9B15DEF332624B89B26CB7C19E90F611","sellerName":"OneStopShop","hasSellerBadge":null,"seller":{"name":"OneStopShop","sellerId":"9B15DEF332624B89B26CB7C19E90F611"},"sponsoredProduct":null,"checkStoreAvailabilityATC":false,"seeShippingEligibility":false,"rewards":null},{"__typename":"Product","availabilityStatusDisplayValue":"In stock","productLocationDisplayValue":"A8","externalInfoUrl":"","canonicalUrl":"/ip/Pringles-Potato-Crisps-Chips-Lunch-Snacks-On-The-Go-Snacks-Sour-Cream-and-Onion-5-5-Oz-Can/108065286?athbdg=L1600","canAddToCart":false,"showOptions":true,"showBuyNow":false,"description":"","flag":"Best seller","badge":{"key":"BESTSELLER","text":"Best seller","type":"LABEL","id":"L1600"},"fulfillmentBadges":["Pickup","Delivery"],"fulfillmentIcon":{"key":"SAVE_WITH_W_PLUS","label":"Save with"},"fulfillmentBadge":"","fulfillmentSpeed":[],"fulfillmentType":"STORE","groupMetaData":{"groupType":null,"groupSubType":null,"numberOfComponents":0,"groupComponents":null},"id":"1BR8WA64LMQI","itemType":null,"usItemId":"108065286","image":"https://i5.walmartimages.com/asr/0080a304-703e-445d-9fd0-d3ec23ae4665.3f2af747cf6b3a709f64bbfb50471084.jpeg?odnHeight=180\u0026odnWidth=180\u0026odnBg=FFFFFF","isOutOfStock":false,"esrb":"","mediaRating":"","name":"Pringles Potato Crisps Chips, Lunch Snacks, On The Go Snacks, Sour Cream and Onion, 5.5 Oz, Can","price":0,"preOrder":{"isPreOrder":false,"preOrderMessage":null,"preOrderStreetDateMessage":null},"priceInfo":{"itemPrice":"","linePrice":"","wasPrice":"","unitPrice":"","shipPrice":"","minPrice":1.78,"minPriceForVariant":"From $1.78","subscriptionPrice":"","subscriptionString":"","priceDisplayCondition":"","finalCostByWeight":false,"submapType":""},"rating":{"averageRating":4.3,"numberOfReviews":1255},"salesUnit":"EACH","variantList":[],"isVariantTypeSwatch":false,"brand":null,"manufacturerName":null,"offerId":"2A0AD36E09884FE2B9B4C605B32FAEE9","fitmentLabel":"","isAtfMarker":false,"sellerId":"F55CDC31AB754BB68FE0B39041159D63","sellerName":"Walmart.com","hasSellerBadge":null,"seller":{"name":"Walmart.com","sellerId":"F55CDC31AB754BB68FE0B39041159D63"},"sponsoredProduct":{"spQs":"2fNRSDuAcrZoQCGh2AVrVY0YIcT0Qr3FWBOhp2qLDeugagDlOIMAxNknnWYO2MBsbM4nPPx43ft21QQayCI3A8mDlUHXsBZWdNzEwPficLQN7t_R9bKIo19w7KOdOoqjWtRGsRH8UuHrOFr3ZewpeXZhzAGPlO-8kIHU13-3ejo","clickBeacon":"https://wrd.walmart.com/track?rdf=0\u0026adUid=5ae56148-c483-4d5e-8947-a05ac6c558ca\u0026plmt=__plmt__\u0026tax=976759_976787_1001390\u0026pltfm=desktop\u0026eventST=__eventST__\u0026pgId=976759_976787_1001390\u0026spQs=2fNRSDuAcrZoQCGh2AVrVY0YIcT0Qr3FWBOhp2qLDeugagDlOIMAxNknnWYO2MBsbM4nPPx43ft21QQayCI3A8mDlUHXsBZWdNzEwPficLQN7t_R9bKIo19w7KOdOoqjWtRGsRH8UuHrOFr3ZewpeXZhzAGPlO-8kIHU13-3ejo\u0026storeId=3081\u0026pt=browse\u0026pos=__pos__\u0026bt=__bt__\u0026mloc=sp-browse-middle\u0026bkt=2478","spTags":null},"checkStoreAvailabilityATC":false,"seeShippingEligibility":false,"rewards":null},{"__typename":"Product","availabilityStatusDisplayValue":"In stock","productLocationDisplayValue":"A12","externalInfoUrl":"","canonicalUrl":"/ip/Bugles-Crispy-Corn-Snacks-Original-Flavor-Family-Size-Snack-Bag-14-5-oz/15580719","canAddToCart":true,"showOptions":false,"showBuyNow":false,"description":"","flag":"","badge":{"text":"","id":"","type":"","key":""},"fulfillmentBadges":["Pickup","Delivery","1-day shipping"],"fulfillmentIcon":{"key":"SAVE_WITH_W_PLUS","label":"Save with"},"fulfillmentBadge":"","fulfillmentSpeed":[],"fulfillmentType":"STORE","groupMetaData":{"groupType":null,"groupSubType":null,"numberOfComponents":0,"groupComponents":null},"id":"5MZ5JGPEUT6P","itemType":null,"usItemId":"15580719","image":"https://i5.walmartimages.com/asr/cd5f2fdb-476d-4646-97f2-22dcea2e2ea4.a1644c078f0936eaba8898b4b98af6f0.jpeg?odnHeight=180\u0026odnWidth=180\u0026odnBg=FFFFFF","isOutOfStock":false,"esrb":"","mediaRating":"","name":"Bugles Crispy Corn Snacks, Original Flavor, Family Size Snack Bag, 14.5 oz","price":3.53,"preOrder":{"isPreOrder":false,"preOrderMessage":null,"preOrderStreetDateMessage":null},"priceInfo":{"itemPrice":"","linePrice":"$3.53","wasPrice":"","unitPrice":"24.3 ¢/oz","shipPrice":"","minPrice":0,"minPriceForVariant":"","subscriptionPrice":"","subscriptionString":"","priceDisplayCondition":"","finalCostByWeight":false,"submapType":""},"rating":{"averageRating":4.5,"numberOfReviews":467},"salesUnit":"EACH","variantList":[],"isVariantTypeSwatch":false,"brand":null,"manufacturerName":null,"offerId":"3155BB30D5724335B02626EA17D43839","fitmentLabel":"","isAtfMarker":false,"sellerId":"F55CDC31AB754BB68FE0B39041159D63","sellerName":"Walmart.com","hasSellerBadge":null,"seller":{"name":"Walmart.com","sellerId":"F55CDC31AB754BB68FE0B39041159D63"},"sponsoredProduct":{"spQs":"9ZIncgWlj4GxdNFu-lsb378W0IFT28S_DT56n1Ge8Pzl7Vdo4qqaTD81C-0k7T7yRQnWo20jpESgKVBul9HX6Ekw5izqrcFMaFwMIpTBv2pjLGOZ8k74fvX0mpZM4QDQDNPyxJM3D4DT3GxGU7yGx14VbjlQ_-FUmqVyyiqHIIo","clickBeacon":"https://wrd.walmart.com/track?rdf=0\u0026adUid=5ae56148-c483-4d5e-8947-a05ac6c558ca\u0026plmt=__plmt__\u0026tax=976759_976787_1001390\u0026pltfm=desktop\u0026eventST=__eventST__\u0026pgId=976759_976787_1001390\u0026spQs=9ZIncgWlj4GxdNFu-lsb378W0IFT28S_DT56n1Ge8Pzl7Vdo4qqaTD81C-0k7T7yRQnWo20jpESgKVBul9HX6Ekw5izqrcFMaFwMIpTBv2pjLGOZ8k74fvX0mpZM4QDQDNPyxJM3D4DT3GxGU7yGx14VbjlQ_-FUmqVyyiqHIIo\u0026storeId=3081\u0026pt=browse\u0026pos=__pos__\u0026bt=__bt__\u0026mloc=sp-browse-middle\u0026bkt=2478","spTags":null},"checkStoreAvailabilityATC":false,"seeShippingEligibility":false,"rewards":null},{"__typename":"Product","availabilityStatusDisplayValue":"In stock","productLocationDisplayValue":null,"externalInfoUrl":"","canonicalUrl":"/ip/Lay-s-Classic-Potato-Chips-8-oz-Bag/33282303","canAddToCart":true,"showOptions":false,"showBuyNow":false,"description":"\u003cli\u003eMade with 3 ingredients: potatoes, oil and salt\u003c/li\u003e\u003cli\u003eLarge bag is perfect for sharing\u003c/li\u003e\u003cli\u003eA tasty snack for the whole family to enjoy\u003c/li\u003e\u003cli\u003ePackaging may vary\u003c/li\u003e","flag":"","badge":{"text":"","id":"","type":"","key":""},"fulfillmentBadges":["Pickup","Delivery"],"fulfillmentIcon":{"key":"SAVE_WITH_W_PLUS","label":"Save with"},"fulfillmentBadge":"Today","fulfillmentSpeed":["TODAY"],"fulfillmentType":"STORE","groupMetaData":{"groupType":null,"groupSubType":null,"numberOfComponents":0,"groupComponents":null},"id":"1U9IMYYMRH65","itemType":null,"usItemId":"33282303","image":"https://i5.walmartimages.com/asr/dccc33c3-c164-47de-b64c-bba21422ed39.950163afc5eba63e66eb67a67a215949.jpeg?odnHeight=180\u0026odnWidth=180\u0026odnBg=ffffff","isOutOfStock":false,"esrb":"","mediaRating":"","name":"Lay's Classic Potato Chips, 8 oz Bag","price":2.98,"preOrder":{"isPreOrder":false,"preOrderMessage":null,"preOrderStreetDateMessage":null},"priceInfo":{"itemPrice":"","linePrice":"$2.98","wasPrice":"","unitPrice":"37.3 ¢/oz","shipPrice":"","minPrice":0,"minPriceForVariant":"","subscriptionPrice":"","subscriptionString":"","priceDisplayCondition":"","finalCostByWeight":false,"submapType":""},"rating":{"averageRating":4.5,"numberOfReviews":1181},"salesUnit":"EACH","variantList":[],"isVariantTypeSwatch":false,"brand":null,"manufacturerName":null,"offerId":"62D56D88692E404098227E89A7893ECF","fitmentLabel":"","isAtfMarker":false,"sellerId":"F55CDC31AB754BB68FE0B39041159D63","sellerName":"Walmart.com","hasSellerBadge":null,"seller":{"name":"Walmart.com","sellerId":"F55CDC31AB754BB68FE0B39041159D63"},"sponsoredProduct":null,"checkStoreAvailabilityATC":false,"seeShippingEligibility":false,"rewards":null},{"__typename":"Product","availabilityStatusDisplayValue":"In stock","productLocationDisplayValue":null,"externalInfoUrl":"","canonicalUrl":"/ip/Doritos-Spicy-Sweet-Chili-Flavored-Tortilla-Chips-9-25-oz-Bag/255598317","canAddToCart":true,"showOptions":false,"showBuyNow":false,"description":"\u003cli\u003eSpicy Sweet Chili flavor\u003c/li\u003e\u003cli\u003eFlavor on Another Level\u003c/li\u003e\u003cli\u003eLarge bag is perfect for sharing\u003c/li\u003e","flag":"","badge":{"text":"","id":"","type":"","key":""},"fulfillmentBadges":["Pickup","Delivery","1-day shipping"],"fulfillmentIcon":{"key":"SAVE_WITH_W_PLUS","label":"Save with"},"fulfillmentBadge":"Today","fulfillmentSpeed":["TODAY"],"fulfillmentType":"STORE","groupMetaData":{"groupType":null,"groupSubType":null,"numberOfComponents":0,"groupComponents":null},"id":"1PIPN02OMZ7S","itemType":null,"usItemId":"255598317","image":"https://i5.walmartimages.com/asr/728c32a6-1fd4-4e0e-8d57-3a0ad4b087bf.214993b6336787ba915a818ab9436f26.jpeg?odnHeight=180\u0026odnWidth=180\u0026odnBg=ffffff","isOutOfStock":false,"esrb":"","mediaRating":"","name":"Doritos Spicy Sweet Chili Flavored Tortilla Chips, 9.25 oz Bag","price":3,"preOrder":{"isPreOrder":false,"preOrderMessage":null,"preOrderStreetDateMessage":null},"priceInfo":{"itemPrice":"","linePrice":"$3.00","wasPrice":"","unitPrice":"32.4 ¢/oz","shipPrice":"","minPrice":0,"minPriceForVariant":"","subscriptionPrice":"","subscriptionString":"","priceDisplayCondition":"","finalCostByWeight":false,"submapType":""},"rating":{"averageRating":3.5,"numberOfReviews":88},"salesUnit":"EACH","variantList":[],"isVariantTypeSwatch":false,"brand":null,"manufacturerName":null,"offerId":"DBE1AEB852F8416B9A483291D8BE8AD0","fitmentLabel":"","isAtfMarker":false,"sellerId":"F55CDC31AB754BB68FE0B39041159D63","sellerName":"Walmart.com","hasSellerBadge":null,"seller":{"name":"Walmart.com","sellerId":"F55CDC31AB754BB68FE0B39041159D63"},"sponsoredProduct":null,"checkStoreAvailabilityATC":false,"seeShippingEligibility":false,"rewards":null},{"__typename":"Product","availabilityStatusDisplayValue":"In stock","productLocationDisplayValue":null,"externalInfoUrl":"","canonicalUrl":"/ip/Frito-Lay-Flavor-Mix-Chips-and-Snacks-Variety-Package-41-375-oz-42-Count/204384188","canAddToCart":true,"showOptions":false,"showBuyNow":false,"description":"\u003cli\u003eMega size includes 42 individual bags\u003c/li\u003e\u003cli\u003eFlavor mix has your favorite Lay's, Doritos, Cheetos, Ruffles and Fritos flavors\u003c/li\u003e\u003cli\u003ePerfect for packing in school lunches or enjoying on-the-go\u003c/li\u003e","flag":"","badge":{"text":"","id":"","type":"","key":""},"fulfillmentBadges":["3+ day shipping"],"fulfillmentBadge":"","fulfillmentSpeed":[],"fulfillmentType":"MARKETPLACE","groupMetaData":{"groupType":null,"groupSubType":null,"numberOfComponents":0,"groupComponents":null},"id":"7IL6YPX0L6O7","itemType":null,"usItemId":"204384188","image":"https://i5.walmartimages.com/asr/bfcd67ae-4b8f-491a-9b68-f9578acfff7b.cb4980404624b37f16f920032511d021.jpeg?odnHeight=180\u0026odnWidth=180\u0026odnBg=ffffff","isOutOfStock":false,"esrb":"","mediaRating":"","name":"Frito Lay Flavor Mix Chips and Snacks Variety Package 41.375 oz 42 Count","price":33.69,"preOrder":{"isPreOrder":false,"preOrderMessage":null,"preOrderStreetDateMessage":null},"priceInfo":{"itemPrice":"","linePrice":"$33.69","wasPrice":"","unitPrice":"","shipPrice":"","minPrice":0,"minPriceForVariant":"","subscriptionPrice":"","subscriptionString":"","priceDisplayCondition":"","finalCostByWeight":false,"submapType":""},"rating":{"averageRating":4.3,"numberOfReviews":229},"salesUnit":"EACH","variantList":[],"isVariantTypeSwatch":false,"brand":null,"manufacturerName":null,"offerId":"27EF50E6AED64A1FB40D1BFA08B64961","fitmentLabel":"","isAtfMarker":false,"sellerId":"066207A23693446C8F133A67AD1DFF7D","sellerName":"Excellent Buyz Inc","hasSellerBadge":null,"seller":{"name":"Excellent Buyz Inc","sellerId":"066207A23693446C8F133A67AD1DFF7D"},"sponsoredProduct":null,"checkStoreAvailabilityATC":false,"seeShippingEligibility":false,"rewards":null},{"__typename":"Product","availabilityStatusDisplayValue":"In stock","productLocationDisplayValue":null,"externalInfoUrl":"","canonicalUrl":"/ip/Fritos-Chili-Cheese-Corn-Chips-9-25-Oz/49909662?athbdg=L1300","canAddToCart":true,"showOptions":false,"showBuyNow":false,"description":"\u003cli\u003eMore flavor to your corn chips with chili cheese deliciousness\u003c/li\u003e\u003cli\u003eShare a bag with friends, family, and coworkers\u003c/li\u003e","flag":"Rollback","badge":{"key":"ROLLBACK","text":"Rollback","type":"LABEL","id":"L1300"},"fulfillmentBadges":["Pickup","Delivery","1-day shipping"],"fulfillmentIcon":{"key":"SAVE_WITH_W_PLUS","label":"Save with"},"fulfillmentBadge":"Today","fulfillmentSpeed":["TODAY"],"fulfillmentType":"STORE","groupMetaData":{"groupType":null,"groupSubType":null,"numberOfComponents":0,"groupComponents":null},"id":"2DFNB5GMWA0N","itemType":null,"usItemId":"49909662","image":"https://i5.walmartimages.com/asr/03664882-5f74-4adb-9938-c661bb4ab792_1.d8f81350cc6f9c66af60d60d01b83f39.jpeg?odnHeight=180\u0026odnWidth=180\u0026odnBg=ffffff","isOutOfStock":false,"esrb":"","mediaRating":"","name":"Fritos Chili Cheese Corn Chips, 9.25 Oz.","price":3,"preOrder":{"isPreOrder":false,"preOrderMessage":null,"preOrderStreetDateMessage":null},"priceInfo":{"itemPrice":"$3.48","linePrice":"$3.00","wasPrice":"$3.48","unitPrice":"32.4 ¢/oz","shipPrice":"","minPrice":0,"minPriceForVariant":"","subscriptionPrice":"","subscriptionString":"","priceDisplayCondition":"","finalCostByWeight":false,"submapType":""},"rating":{"averageRating":4.6,"numberOfReviews":403},"salesUnit":"EACH","variantList":[],"isVariantTypeSwatch":false,"brand":null,"manufacturerName":null,"offerId":"73F2DF6208304ADDAC0697830C7D0235","fitmentLabel":"","isAtfMarker":false,"sellerId":"F55CDC31AB754BB68FE0B39041159D63","sellerName":"Walmart.com","hasSellerBadge":null,"seller":{"name":"Walmart.com","sellerId":"F55CDC31AB754BB68FE0B39041159D63"},"sponsoredProduct":null,"checkStoreAvailabilityATC":false,"seeShippingEligibility":false,"rewards":null},{"__typename":"Product","availabilityStatusDisplayValue":"In stock","productLocationDisplayValue":null,"externalInfoUrl":"","canonicalUrl":"/ip/Cheetos-Crunchy-Flamin-Hot-Cheese-Flavored-Snacks-8-5-oz-Bag/49909689","canAddToCart":true,"showOptions":false,"showBuyNow":false,"description":"\u003cli\u003eMade with real cheese\u003c/li\u003e\u003cli\u003eLarge bag is perfect for sharing\u003c/li\u003e\u003cli\u003eDelicious flamin hot flavor\u003c/li\u003e","flag":"","badge":{"text":"","id":"","type":"","key":""},"fulfillmentBadges":["Pickup","Delivery","1-day shipping"],"fulfillmentIcon":{"key":"SAVE_WITH_W_PLUS","label":"Save with"},"fulfillmentBadge":"Today","fulfillmentSpeed":["TODAY"],"fulfillmentType":"STORE","groupMetaData":{"groupType":null,"groupSubType":null,"numberOfComponents":0,"groupComponents":null},"id":"5N8XX3L02IX1","itemType":null,"usItemId":"49909689","image":"https://i5.walmartimages.com/asr/e90988c3-5fdf-406d-821d-f5d58c6e4fdb.4a88e175da2a1564833ff5c46df039e3.jpeg?odnHeight=180\u0026odnWidth=180\u0026odnBg=ffffff","isOutOfStock":false,"esrb":"","mediaRating":"","name":"Cheetos Crunchy Flamin' Hot Cheese Flavored Snacks, 8.5 oz Bag","price":3.48,"preOrder":{"isPreOrder":false,"preOrderMessage":null,"preOrderStreetDateMessage":null},"priceInfo":{"itemPrice":"","linePrice":"$3.48","wasPrice":"","unitPrice":"40.9 ¢/oz","shipPrice":"","minPrice":0,"minPriceForVariant":"","subscriptionPrice":"","subscriptionString":"","priceDisplayCondition":"","finalCostByWeight":false,"submapType":""},"rating":{"averageRating":4.7,"numberOfReviews":390},"salesUnit":"EACH","variantList":[],"isVariantTypeSwatch":false,"brand":null,"manufacturerName":null,"offerId":"522446421181476C8A5D74220B582A30","fitmentLabel":"","isAtfMarker":false,"sellerId":"F55CDC31AB754BB68FE0B39041159D63","sellerName":"Walmart.com","hasSellerBadge":null,"seller":{"name":"Walmart.com","sellerId":"F55CDC31AB754BB68FE0B39041159D63"},"sponsoredProduct":null,"checkStoreAvailabilityATC":false,"seeShippingEligibility":false,"rewards":null},{"__typename":"Product","availabilityStatusDisplayValue":"In stock","productLocationDisplayValue":null,"externalInfoUrl":"","canonicalUrl":"/ip/Great-Value-Lightly-Salted-Restaurant-Style-White-Corn-Tortilla-Chips-13-oz/50003598","canAddToCart":true,"showOptions":false,"showBuyNow":false,"description":"\u003cli\u003e50% less sodium than Great Value Lightly Salted Tortilla Chips\u003c/li\u003e\u003cli\u003eKosher\u003c/li\u003e","flag":"","badge":{"text":"","id":"","type":"","key":""},"fulfillmentBadges":["Pickup","Delivery","1-day shipping"],"fulfillmentIcon":{"key":"SAVE_WITH_W_PLUS","label":"Save with"},"fulfillmentBadge":"Today","fulfillmentSpeed":["TODAY"],"fulfillmentType":"STORE","groupMetaData":{"groupType":null,"groupSubType":null,"numberOfComponents":0,"groupComponents":null},"id":"1OO8EWLJ38CQ","itemType":null,"usItemId":"50003598","image":"https://i5.walmartimages.com/asr/37816a6b-b4fd-40bd-8a6e-3105e3677ec3.478c44ec9862d50ae921594556d882bd.jpeg?odnHeight=180\u0026odnWidth=180\u0026odnBg=ffffff","isOutOfStock":false,"esrb":"","mediaRating":"","name":"Great Value Lightly Salted Restaurant Style White Corn Tortilla Chips, 13 oz","price":1.74,"preOrder":{"isPreOrder":false,"preOrderMessage":null,"preOrderStreetDateMessage":null},"priceInfo":{"itemPrice":"$1.98","linePrice":"$1.74","wasPrice":"$1.98","unitPrice":"13.4 ¢/oz","shipPrice":"","minPrice":0,"minPriceForVariant":"","subscriptionPrice":"","subscriptionString":"","priceDisplayCondition":"","finalCostByWeight":false,"submapType":""},"rating":{"averageRating":4.3,"numberOfReviews":449},"salesUnit":"EACH","variantList":[],"isVariantTypeSwatch":false,"brand":null,"manufacturerName":null,"offerId":"DD360B7985F04821A6CF9921F4B92354","fitmentLabel":"","isAtfMarker":false,"sellerId":"F55CDC31AB754BB68FE0B39041159D63","sellerName":"Walmart.com","hasSellerBadge":null,"seller":{"name":"Walmart.com","sellerId":"F55CDC31AB754BB68FE0B39041159D63"},"sponsoredProduct":null,"checkStoreAvailabilityATC":false,"seeShippingEligibility":false,"rewards":null},{"__typename":"Product","availabilityStatusDisplayValue":"In stock","productLocationDisplayValue":null,"externalInfoUrl":"","canonicalUrl":"/ip/ROLD-GOLD-Tiny-Pretzel-Twists-16-Oz/10900063?athbdg=L1600","canAddToCart":true,"showOptions":false,"showBuyNow":false,"description":"\u003cli\u003e16 oz. bag\u003c/li\u003e\u003cli\u003eGreat for sharing\u003c/li\u003e\u003cli\u003eBaked, not fried\u003c/li\u003e\u003cli\u003eBite-sized pieces\u003c/li\u003e\u003cli\u003eAuthentic Rold Gold pretzel taste\u003c/li\u003e","flag":"Best seller","badge":{"key":"BESTSELLER","text":"Best seller","type":"LABEL","id":"L1600"},"fulfillmentBadges":["Pickup","Delivery","1-day shipping"],"fulfillmentIcon":{"key":"SAVE_WITH_W_PLUS","label":"Save with"},"fulfillmentBadge":"Today","fulfillmentSpeed":["TODAY"],"fulfillmentType":"STORE","groupMetaData":{"groupType":null,"groupSubType":null,"numberOfComponents":0,"groupComponents":null},"id":"5BGL4T67T1TG","itemType":null,"usItemId":"10900063","image":"https://i5.walmartimages.com/asr/ed2332de-9a18-4ffa-8721-54f74071ed52_1.66eb06234341220ce87321a9acf41603.jpeg?odnHeight=180\u0026odnWidth=180\u0026odnBg=ffffff","isOutOfStock":false,"esrb":"","mediaRating":"","name":"ROLD GOLD Tiny Pretzel Twists, 16 Oz","price":2.98,"preOrder":{"isPreOrder":false,"preOrderMessage":null,"preOrderStreetDateMessage":null},"priceInfo":{"itemPrice":"","linePrice":"$2.98","wasPrice":"","unitPrice":"18.6 ¢/oz","shipPrice":"","minPrice":0,"minPriceForVariant":"","subscriptionPrice":"","subscriptionString":"","priceDisplayCondition":"","finalCostByWeight":false,"submapType":""},"rating":{"averageRating":4.5,"numberOfReviews":637},"salesUnit":"EACH","variantList":[],"isVariantTypeSwatch":false,"brand":null,"manufacturerName":null,"offerId":"C54B0C9906994269BBEBE8B4F528470A","fitmentLabel":"","isAtfMarker":false,"sellerId":"F55CDC31AB754BB68FE0B39041159D63","sellerName":"Walmart.com","hasSellerBadge":null,"seller":{"name":"Walmart.com","sellerId":"F55CDC31AB754BB68FE0B39041159D63"},"sponsoredProduct":null,"checkStoreAvailabilityATC":false,"seeShippingEligibility":false,"rewards":null},{"__typename":"Product","availabilityStatusDisplayValue":"In stock","productLocationDisplayValue":null,"externalInfoUrl":"","canonicalUrl":"/ip/28-oz-Utz-Cheddar-Cheese-Balls-Barrel/37319722?athbdg=L1600","canAddToCart":true,"showOptions":false,"showBuyNow":false,"description":"\u003cli\u003eMade with real cheese\u003c/li\u003e\u003cli\u003eGluten free\u003c/li\u003e\u003cli\u003eKosher\u003c/li\u003e","flag":"Best seller","badge":{"key":"BESTSELLER","text":"Best seller","type":"LABEL","id":"L1600"},"fulfillmentBadges":["Pickup","Delivery","1-day shipping"],"fulfillmentIcon":{"key":"SAVE_WITH_W_PLUS","label":"Save with"},"fulfillmentBadge":"Today","fulfillmentSpeed":["TODAY"],"fulfillmentType":"STORE","groupMetaData":{"groupType":null,"groupSubType":null,"numberOfComponents":0,"groupComponents":null},"id":"23DGIT1W8HG2","itemType":null,"usItemId":"37319722","image":"https://i5.walmartimages.com/asr/8beac0a6-ae97-4b50-9a15-c347ad718ee4.041c16d51f3ba083f3dc9ecbed573c9b.jpeg?odnHeight=180\u0026odnWidth=180\u0026odnBg=ffffff","isOutOfStock":false,"esrb":"","mediaRating":"","name":"28 oz Utz Cheddar Cheese Balls Barrel","price":6.58,"preOrder":{"isPreOrder":false,"preOrderMessage":null,"preOrderStreetDateMessage":null},"priceInfo":{"itemPrice":"","linePrice":"$6.58","wasPrice":"","unitPrice":"23.5 ¢/oz","shipPrice":"","minPrice":0,"minPriceForVariant":"","subscriptionPrice":"","subscriptionString":"","priceDisplayCondition":"","finalCostByWeight":false,"submapType":""},"rating":{"averageRating":4.6,"numberOfReviews":481},"salesUnit":"EACH","variantList":[],"isVariantTypeSwatch":false,"brand":null,"manufacturerName":null,"offerId":"22998E8BD31342C98F4B6D542445FF2E","fitmentLabel":"","isAtfMarker":false,"sellerId":"F55CDC31AB754BB68FE0B39041159D63","sellerName":"Walmart.com","hasSellerBadge":null,"seller":{"name":"Walmart.com","sellerId":"F55CDC31AB754BB68FE0B39041159D63"},"sponsoredProduct":null,"checkStoreAvailabilityATC":false,"seeShippingEligibility":false,"rewards":null},{"__typename":"Product","availabilityStatusDisplayValue":"In stock","productLocationDisplayValue":null,"externalInfoUrl":"","canonicalUrl":"/ip/Fritos-Flavor-Twists-Honey-BBQ-Corn-Snacks-9-25-oz-Bag/49909660?athbdg=L1300","canAddToCart":true,"showOptions":false,"showBuyNow":false,"description":"\u003cli\u003eDelicious honey barbecue flavor\u003c/li\u003e\u003cli\u003eFun twist shape\u003c/li\u003e\u003cli\u003eLarge bag is perfect for sharing\u003c/li\u003e","flag":"Rollback","badge":{"key":"ROLLBACK","text":"Rollback","type":"LABEL","id":"L1300"},"fulfillmentBadges":["Pickup","Delivery","1-day shipping"],"fulfillmentIcon":{"key":"SAVE_WITH_W_PLUS","label":"Save with"},"fulfillmentBadge":"Today","fulfillmentSpeed":["TODAY"],"fulfillmentType":"STORE","groupMetaData":{"groupType":null,"groupSubType":null,"numberOfComponents":0,"groupComponents":null},"id":"1CYHIW5RR2IG","itemType":null,"usItemId":"49909660","image":"https://i5.walmartimages.com/asr/81e47bf8-add6-46fe-bb32-f9d104c9716a_1.61da9a23b5d43cdeb67ed713eaa8e9c6.jpeg?odnHeight=180\u0026odnWidth=180\u0026odnBg=ffffff","isOutOfStock":false,"esrb":"","mediaRating":"","name":"Fritos Flavor Twists Honey BBQ Corn Snacks, 9.25 oz Bag","price":3,"preOrder":{"isPreOrder":false,"preOrderMessage":null,"preOrderStreetDateMessage":null},"priceInfo":{"itemPrice":"$3.48","linePrice":"$3.00","wasPrice":"$3.48","unitPrice":"32.4 ¢/oz","shipPrice":"","minPrice":0,"minPriceForVariant":"","subscriptionPrice":"","subscriptionString":"","priceDisplayCondition":"","finalCostByWeight":false,"submapType":""},"rating":{"averageRating":4.7,"numberOfReviews":246},"salesUnit":"EACH","variantList":[],"isVariantTypeSwatch":false,"brand":null,"manufacturerName":null,"offerId":"5259610C563D47B9A915048E0E2C71FA","fitmentLabel":"","isAtfMarker":false,"sellerId":"F55CDC31AB754BB68FE0B39041159D63","sellerName":"Walmart.com","hasSellerBadge":null,"seller":{"name":"Walmart.com","sellerId":"F55CDC31AB754BB68FE0B39041159D63"},"sponsoredProduct":null,"checkStoreAvailabilityATC":false,"seeShippingEligibility":false,"rewards":null},{"__typename":"Product","availabilityStatusDisplayValue":"In stock","productLocationDisplayValue":null,"externalInfoUrl":"","canonicalUrl":"/ip/Doritos-Nacho-Cheese-Flavored-Tortilla-Chips-9-25-oz-Bag/786004155","canAddToCart":true,"showOptions":false,"showBuyNow":false,"description":"\u003cli\u003eDelicious Nacho Cheese flavor\u003c/li\u003e\u003cli\u003eFlavor on Another Level\u003c/li\u003e\u003cli\u003eLarge bag is perfect for sharing\u003c/li\u003e","flag":"","badge":{"text":"","id":"","type":"","key":""},"fulfillmentBadges":["Pickup","Delivery"],"fulfillmentIcon":{"key":"SAVE_WITH_W_PLUS","label":"Save with"},"fulfillmentBadge":"Today","fulfillmentSpeed":["TODAY"],"fulfillmentType":"STORE","groupMetaData":{"groupType":null,"groupSubType":null,"numberOfComponents":0,"groupComponents":null},"id":"1SKEMAHEULZT","itemType":null,"usItemId":"786004155","image":"https://i5.walmartimages.com/asr/fecf3d38-d919-456b-bfe1-5153abee933d.ad508311cf5621b375ef9c2c00fdd036.jpeg?odnHeight=180\u0026odnWidth=180\u0026odnBg=ffffff","isOutOfStock":false,"esrb":"","mediaRating":"","name":"Doritos Nacho Cheese Flavored Tortilla Chips, 9.25 oz Bag","price":3.48,"preOrder":{"isPreOrder":false,"preOrderMessage":null,"preOrderStreetDateMessage":null},"priceInfo":{"itemPrice":"","linePrice":"$3.48","wasPrice":"","unitPrice":"37.4 ¢/oz","shipPrice":"","minPrice":0,"minPriceForVariant":"","subscriptionPrice":"","subscriptionString":"","priceDisplayCondition":"","finalCostByWeight":false,"submapType":""},"rating":{"averageRating":4.3,"numberOfReviews":116},"salesUnit":"EACH","variantList":[],"isVariantTypeSwatch":false,"brand":null,"manufacturerName":null,"offerId":"15CE2C50466D45E49A064AC587D5EAB7","fitmentLabel":"","isAtfMarker":false,"sellerId":"F55CDC31AB754BB68FE0B39041159D63","sellerName":"Walmart.com","hasSellerBadge":null,"seller":{"name":"Walmart.com","sellerId":"F55CDC31AB754BB68FE0B39041159D63"},"sponsoredProduct":null,"checkStoreAvailabilityATC":false,"seeShippingEligibility":false,"rewards":null},{"__typename":"Product","availabilityStatusDisplayValue":"Out of stock","productLocationDisplayValue":null,"externalInfoUrl":"","canonicalUrl":"/ip/Great-Value-Original-Rippled-Potato-Chips-Party-Size-13-5-oz/484555703","canAddToCart":false,"showOptions":false,"showBuyNow":false,"description":"\u003cli\u003eMade with potatoes, vegetable oil, and salt\u003c/li\u003e\u003cli\u003eGluten free\u003c/li\u003e\u003cli\u003eAbout 14 servings per bag\u003c/li\u003e","flag":"","badge":{"text":"","id":"","type":"","key":""},"fulfillmentBadges":[],"fulfillmentBadge":"","fulfillmentSpeed":[],"fulfillmentType":"STORE","groupMetaData":{"groupType":null,"groupSubType":null,"numberOfComponents":0,"groupComponents":null},"id":"30NZ0BEVU9O9","itemType":null,"usItemId":"484555703","image":"https://i5.walmartimages.com/asr/76711a9b-3b0a-4c44-a250-38ab60b3cbde_2.e4dd3c602e75e75e5ff6703ac3880ffc.jpeg?odnHeight=180\u0026odnWidth=180\u0026odnBg=ffffff","isOutOfStock":true,"esrb":"","mediaRating":"","name":"Great Value Original Rippled Potato Chips Party Size!, 13.5 oz","price":2.37,"preOrder":{"isPreOrder":false,"preOrderMessage":null,"preOrderStreetDateMessage":null},"priceInfo":{"itemPrice":"","linePrice":"$2.37","wasPrice":"","unitPrice":"17.6 ¢/oz","shipPrice":"","minPrice":0,"minPriceForVariant":"","subscriptionPrice":"","subscriptionString":"","priceDisplayCondition":"","finalCostByWeight":false,"submapType":""},"rating":{"averageRating":3.4,"numberOfReviews":64},"salesUnit":"EACH","variantList":[],"isVariantTypeSwatch":false,"brand":null,"manufacturerName":null,"offerId":"C09E815744F04F24B0D4E2EF0243B755","fitmentLabel":"","isAtfMarker":false,"sellerId":"F55CDC31AB754BB68FE0B39041159D63","sellerName":"Walmart.com","hasSellerBadge":null,"seller":{"name":"Walmart.com","sellerId":"F55CDC31AB754BB68FE0B39041159D63"},"sponsoredProduct":null,"checkStoreAvailabilityATC":false,"seeShippingEligibility":false,"rewards":null},{"__typename":"Product","availabilityStatusDisplayValue":"Out of stock","productLocationDisplayValue":null,"externalInfoUrl":"","canonicalUrl":"/ip/Munchos-Potato-Chips-4-25-Oz/323676370","canAddToCart":false,"showOptions":false,"showBuyNow":false,"description":"Munchos Regular Value Line 4.25oz","flag":"","badge":{"text":"","id":"","type":"","key":""},"fulfillmentBadges":[],"fulfillmentBadge":"","fulfillmentSpeed":[],"fulfillmentType":"STORE","groupMetaData":{"groupType":null,"groupSubType":null,"numberOfComponents":0,"groupComponents":null},"id":"0U3FDEFTFXFE","itemType":null,"usItemId":"323676370","image":"https://i5.walmartimages.com/asr/74138965-e05c-483f-b3ef-52e049fa8819_1.d450413ed4b9474d299448e93d6dc5e4.jpeg?odnHeight=180\u0026odnWidth=180\u0026odnBg=ffffff","isOutOfStock":true,"esrb":"","mediaRating":"","name":"Munchos Potato Chips, 4.25 Oz.","price":2.28,"preOrder":{"isPreOrder":false,"preOrderMessage":null,"preOrderStreetDateMessage":null},"priceInfo":{"itemPrice":"","linePrice":"$2.28","wasPrice":"","unitPrice":"53.6 ¢/oz","shipPrice":"","minPrice":0,"minPriceForVariant":"","subscriptionPrice":"","subscriptionString":"","priceDisplayCondition":"","finalCostByWeight":false,"submapType":""},"rating":{"averageRating":4.7,"numberOfReviews":253},"salesUnit":"EACH","variantList":[],"isVariantTypeSwatch":false,"brand":null,"manufacturerName":null,"offerId":"9BDD690A0DBB4BD68B8AFB243B07D398","fitmentLabel":"","isAtfMarker":false,"sellerId":"F55CDC31AB754BB68FE0B39041159D63","sellerName":"Walmart.com","hasSellerBadge":null,"seller":{"name":"Walmart.com","sellerId":"F55CDC31AB754BB68FE0B39041159D63"},"sponsoredProduct":null,"checkStoreAvailabilityATC":false,"seeShippingEligibility":false,"rewards":null},{"__typename":"Product","availabilityStatusDisplayValue":"Out of stock","productLocationDisplayValue":null,"externalInfoUrl":"","canonicalUrl":"/ip/Great-Value-Original-Wavy-Potato-Chips-13-oz/351534613","canAddToCart":false,"showOptions":false,"showBuyNow":false,"description":"\u003cli\u003eMade with potatoes, vegetable oil, and salt\u003c/li\u003e\u003cli\u003eGluten free\u003c/li\u003e\u003cli\u003eAbout 13 servings per bag\u003c/li\u003e","flag":"","badge":{"text":"","id":"","type":"","key":""},"fulfillmentBadges":[],"fulfillmentBadge":"","fulfillmentSpeed":[],"fulfillmentType":"STORE","groupMetaData":{"groupType":null,"groupSubType":null,"numberOfComponents":0,"groupComponents":null},"id":"2QLRN5H5IRFA","itemType":null,"usItemId":"351534613","image":"https://i5.walmartimages.com/asr/f08616f3-0de5-4e71-9068-42bf30606632.0c243fd4c8cded70dc4a87756e3ce982.jpeg?odnHeight=180\u0026odnWidth=180\u0026odnBg=ffffff","isOutOfStock":true,"esrb":"","mediaRating":"","name":"Great Value Original Wavy Potato Chips, 13 oz","price":2.37,"preOrder":{"isPreOrder":false,"preOrderMessage":null,"preOrderStreetDateMessage":null},"priceInfo":{"itemPrice":"","linePrice":"$2.37","wasPrice":"","unitPrice":"18.2 ¢/oz","shipPrice":"","minPrice":0,"minPriceForVariant":"","subscriptionPrice":"","subscriptionString":"","priceDisplayCondition":"","finalCostByWeight":false,"submapType":""},"rating":{"averageRating":3.6,"numberOfReviews":42},"salesUnit":"EACH","variantList":[],"isVariantTypeSwatch":false,"brand":null,"manufacturerName":null,"offerId":"46ECCAC3D0324ED8A9A8607F214E5612","fitmentLabel":"","isAtfMarker":false,"sellerId":"F55CDC31AB754BB68FE0B39041159D63","sellerName":"Walmart.com","hasSellerBadge":null,"seller":{"name":"Walmart.com","sellerId":"F55CDC31AB754BB68FE0B39041159D63"},"sponsoredProduct":null,"checkStoreAvailabilityATC":false,"seeShippingEligibility":false,"rewards":null},{"__typename":"Product","availabilityStatusDisplayValue":"Out of stock","productLocationDisplayValue":null,"externalInfoUrl":"","canonicalUrl":"/ip/Great-Value-Cheddar-Sour-Cream-Rippled-Potato-Chips-8-oz/830675549","canAddToCart":false,"showOptions":false,"showBuyNow":false,"description":"\u003cli\u003e8 oz bag\u003c/li\u003e\u003cli\u003eCheddar and sour cream flavored rippled potato chips\u003c/li\u003e\u003cli\u003ePerfect for barbecues and tailgates\u003c/li\u003e","flag":"","badge":{"text":"","id":"","type":"","key":""},"fulfillmentBadges":[],"fulfillmentBadge":"","fulfillmentSpeed":[],"fulfillmentType":"STORE","groupMetaData":{"groupType":null,"groupSubType":null,"numberOfComponents":0,"groupComponents":null},"id":"4DEWG9H3EMP1","itemType":null,"usItemId":"830675549","image":"https://i5.walmartimages.com/asr/5e54eb4e-3b85-4513-8e03-d4f4399f5ffc_3.015082310017bfaacaaf555a1e39fc7e.jpeg?odnHeight=180\u0026odnWidth=180\u0026odnBg=ffffff","isOutOfStock":true,"esrb":"","mediaRating":"","name":"Great Value Cheddar \u0026 Sour Cream Rippled Potato Chips, 8 oz","price":1.54,"preOrder":{"isPreOrder":false,"preOrderMessage":null,"preOrderStreetDateMessage":null},"priceInfo":{"itemPrice":"","linePrice":"$1.54","wasPrice":"","unitPrice":"19.3 ¢/oz","shipPrice":"","minPrice":0,"minPriceForVariant":"","subscriptionPrice":"","subscriptionString":"","priceDisplayCondition":"","finalCostByWeight":false,"submapType":""},"rating":{"averageRating":3.8,"numberOfReviews":32},"salesUnit":"EACH","variantList":[],"isVariantTypeSwatch":false,"brand":null,"manufacturerName":null,"offerId":"1AD7670198344734890E448C8E9175CA","fitmentLabel":"","isAtfMarker":false,"sellerId":"F55CDC31AB754BB68FE0B39041159D63","sellerName":"Walmart.com","hasSellerBadge":null,"seller":{"name":"Walmart.com","sellerId":"F55CDC31AB754BB68FE0B39041159D63"},"sponsoredProduct":null,"checkStoreAvailabilityATC":false,"seeShippingEligibility":false,"rewards":null},{"__typename":"Product","availabilityStatusDisplayValue":"Out of stock","productLocationDisplayValue":null,"externalInfoUrl":"","canonicalUrl":"/ip/Great-Value-Original-Rippled-Potato-Chips-Party-Size-13-5-oz/176493421","canAddToCart":false,"showOptions":false,"showBuyNow":false,"description":"\u003cli\u003eOriginal flavor\u003c/li\u003e\u003cli\u003eNaturally gluten free\u003c/li\u003e\u003cli\u003eParty size package\u003c/li\u003e","flag":"","badge":{"text":"","id":"","type":"","key":""},"fulfillmentBadges":[],"fulfillmentBadge":"","fulfillmentSpeed":[],"fulfillmentType":"FC","groupMetaData":{"groupType":null,"groupSubType":null,"numberOfComponents":0,"groupComponents":null},"id":"3X70ANP2USHD","itemType":null,"usItemId":"176493421","image":"https://i5.walmartimages.com/asr/694500b7-24e9-487d-9f54-c5497c58ee69_2.b21f07f97beed97cf35ca05ffc838961.jpeg?odnHeight=180\u0026odnWidth=180\u0026odnBg=ffffff","isOutOfStock":true,"esrb":"","mediaRating":"","name":"Great Value Original Rippled Potato Chips Party Size, 13.5 oz","price":2.37,"preOrder":{"isPreOrder":false,"preOrderMessage":null,"preOrderStreetDateMessage":null},"priceInfo":{"itemPrice":"","linePrice":"$2.37","wasPrice":"","unitPrice":"17.6 ¢/oz","shipPrice":"","minPrice":0,"minPriceForVariant":"","subscriptionPrice":"","subscriptionString":"","priceDisplayCondition":"","finalCostByWeight":false,"submapType":""},"rating":{"averageRating":4,"numberOfReviews":66},"salesUnit":"EACH","variantList":[],"isVariantTypeSwatch":false,"brand":null,"manufacturerName":null,"offerId":"4487E5F8A8114D68B7F596AA574CA939","fitmentLabel":"","isAtfMarker":false,"sellerId":"F55CDC31AB754BB68FE0B39041159D63","sellerName":"Walmart.com","hasSellerBadge":null,"seller":{"name":"Walmart.com","sellerId":"F55CDC31AB754BB68FE0B39041159D63"},"sponsoredProduct":null,"checkStoreAvailabilityATC":false,"seeShippingEligibility":false,"rewards":null},{"__typename":"Product","availabilityStatusDisplayValue":"Out of stock","productLocationDisplayValue":null,"externalInfoUrl":"","canonicalUrl":"/ip/Great-Value-Barbecue-Flavored-Potato-Chips-7-75-oz/807151368","canAddToCart":false,"showOptions":false,"showBuyNow":false,"description":"\u003cli\u003eBarbecue flavored potato chips\u003c/li\u003e\u003cli\u003e7.75 oz bag\u003c/li\u003e\u003cli\u003eSeasoned with garlic, paprika, and natural smoke flavor\u003c/li\u003e","flag":"","badge":{"text":"","id":"","type":"","key":""},"fulfillmentBadges":[],"fulfillmentBadge":"","fulfillmentSpeed":[],"fulfillmentType":"STORE","groupMetaData":{"groupType":null,"groupSubType":null,"numberOfComponents":0,"groupComponents":null},"id":"2545W2M8NVJJ","itemType":null,"usItemId":"807151368","image":"https://i5.walmartimages.com/asr/fd90dd8d-8c3b-4925-814e-277be43164dd_1.c2ab90ec2bf35c705080bcb7bc4c7874.jpeg?odnHeight=180\u0026odnWidth=180\u0026odnBg=ffffff","isOutOfStock":true,"esrb":"","mediaRating":"","name":"Great Value Barbecue Flavored Potato Chips, 7.75 oz","price":1.54,"preOrder":{"isPreOrder":false,"preOrderMessage":null,"preOrderStreetDateMessage":null},"priceInfo":{"itemPrice":"","linePrice":"$1.54","wasPrice":"","unitPrice":"19.9 ¢/oz","shipPrice":"","minPrice":0,"minPriceForVariant":"","subscriptionPrice":"","subscriptionString":"","priceDisplayCondition":"","finalCostByWeight":false,"submapType":""},"rating":{"averageRating":4,"numberOfReviews":35},"salesUnit":"EACH","variantList":[],"isVariantTypeSwatch":false,"brand":null,"manufacturerName":null,"offerId":"EABAA15DD51048BCA6734D169BB5499B","fitmentLabel":"","isAtfMarker":false,"sellerId":"F55CDC31AB754BB68FE0B39041159D63","sellerName":"Walmart.com","hasSellerBadge":null,"seller":{"name":"Walmart.com","sellerId":"F55CDC31AB754BB68FE0B39041159D63"},"sponsoredProduct":null,"checkStoreAvailabilityATC":false,"seeShippingEligibility":false,"rewards":null},{"__typename":"Product","availabilityStatusDisplayValue":"Out of stock","productLocationDisplayValue":null,"externalInfoUrl":"","canonicalUrl":"/ip/On-The-Border-Cafe-Style-Tortilla-Chips-18-Oz/44390994","canAddToCart":false,"showOptions":false,"showBuyNow":false,"description":"On The Border Tortilla Chips","flag":"","badge":{"text":"","id":"","type":"","key":""},"fulfillmentBadges":[],"fulfillmentBadge":"","fulfillmentSpeed":[],"fulfillmentType":"STORE","groupMetaData":{"groupType":null,"groupSubType":null,"numberOfComponents":0,"groupComponents":null},"id":"2OFAM01F5X4Q","itemType":null,"usItemId":"44390994","image":"https://i5.walmartimages.com/asr/0f610b87-e4fa-42b6-8944-38cd063ffb27_1.1a88aebe9ec44c00dbea42ec578a134e.jpeg?odnHeight=180\u0026odnWidth=180\u0026odnBg=ffffff","isOutOfStock":true,"esrb":"","mediaRating":"","name":"On The Border Cafe Style Tortilla Chips, 18 Oz.","price":3.33,"preOrder":{"isPreOrder":false,"preOrderMessage":null,"preOrderStreetDateMessage":null},"priceInfo":{"itemPrice":"","linePrice":"$3.33","wasPrice":"","unitPrice":"18.5 ¢/oz","shipPrice":"","minPrice":0,"minPriceForVariant":"","subscriptionPrice":"","subscriptionString":"","priceDisplayCondition":"","finalCostByWeight":false,"submapType":""},"rating":{"averageRating":4.2,"numberOfReviews":1137},"salesUnit":"EACH","variantList":[],"isVariantTypeSwatch":false,"brand":null,"manufacturerName":null,"offerId":"C0B23E8F40654D1FB0F372F667C257EC","fitmentLabel":"","isAtfMarker":false,"sellerId":"F55CDC31AB754BB68FE0B39041159D63","sellerName":"Walmart.com","hasSellerBadge":null,"seller":{"name":"Walmart.com","sellerId":"F55CDC31AB754BB68FE0B39041159D63"},"sponsoredProduct":null,"checkStoreAvailabilityATC":false,"seeShippingEligibility":false,"rewards":null},{"__typename":"Product","availabilityStatusDisplayValue":"Out of stock","productLocationDisplayValue":null,"externalInfoUrl":"","canonicalUrl":"/ip/Great-Value-Party-Size-Barbecue-Potato-Chips-12-5-oz/597964523","canAddToCart":false,"showOptions":false,"showBuyNow":false,"description":"\u003cli\u003eSeasoned with garlic, paprika \u0026 natural smoke flavor\u003c/li\u003e\u003cli\u003ePerfect for barbecues \u0026 tailgates\u003c/li\u003e\u003cli\u003eExcellent snack for school lunches and picnics\u003c/li\u003e","flag":"","badge":{"text":"","id":"","type":"","key":""},"fulfillmentBadges":[],"fulfillmentBadge":"","fulfillmentSpeed":[],"fulfillmentType":"FC","groupMetaData":{"groupType":null,"groupSubType":null,"numberOfComponents":0,"groupComponents":null},"id":"2DEDGI72YY12","itemType":null,"usItemId":"597964523","image":"https://i5.walmartimages.com/asr/4e52bd84-9c72-4c9e-bf4c-b4e0e183c8b8.eb1957f3f6c3694f9e4797bb483512b7.jpeg?odnHeight=180\u0026odnWidth=180\u0026odnBg=ffffff","isOutOfStock":true,"esrb":"","mediaRating":"","name":"Great Value Party Size Barbecue Potato Chips, 12.5 oz","price":2.37,"preOrder":{"isPreOrder":false,"preOrderMessage":null,"preOrderStreetDateMessage":null},"priceInfo":{"itemPrice":"","linePrice":"$2.37","wasPrice":"","unitPrice":"19.0 ¢/oz","shipPrice":"","minPrice":0,"minPriceForVariant":"","subscriptionPrice":"","subscriptionString":"","priceDisplayCondition":"","finalCostByWeight":false,"submapType":""},"rating":{"averageRating":3.9,"numberOfReviews":18},"salesUnit":"EACH","variantList":[],"isVariantTypeSwatch":false,"brand":null,"manufacturerName":null,"offerId":"2CCE754E6E124451B504EA8FAC6CF8BB","fitmentLabel":"","isAtfMarker":false,"sellerId":"F55CDC31AB754BB68FE0B39041159D63","sellerName":"Walmart.com","hasSellerBadge":null,"seller":{"name":"Walmart.com","sellerId":"F55CDC31AB754BB68FE0B39041159D63"},"sponsoredProduct":null,"checkStoreAvailabilityATC":false,"seeShippingEligibility":false,"rewards":null}],"layoutEnum":"GRID"}],"pageMetadata":{"storeSelectionHeader":null,"title":"Chips","canonical":"https://www.walmart.com/browse/food/chips/976759_976787_1001390","description":"Shop for Chips in Snacks, Cookies \u0026 Chips. Buy products such as Doritos Nacho Cheese Flavored Tortilla Chips, Party Size, 14.5 oz Bag at Walmart and save.","location":{"addressId":""}},"paginationV2":{"maxPage":25,"pageProperties":{"cat_id":"976759_976787_1001390","ps":"40","sort":"best_match","displayGuidedNav":true,"affinityOverride":"default","stores":"3081"}},"requestContext":{"vertical":null,"isFitmentFilterQueryApplied":false,"searchMatchType":"{\"trn\":0,\"eo\":\"N\",\"id\":\"YGjz170mIdwOTFP4-Du9Uf9HXHIuSuIp3ivA\",\"ppABTest\":true}","categories":{"id":"976759_976787_1001390","name":"Chips"}},"errorResponse":{"correlationId":"YGjz170mIdwOTFP4-Du9Uf9HXHIuSuIp3ivA","source":"sis","errorCodes":null,"errors":[]},"modules":null,"count":50,"gridItemsCount":50,"catInfo":{"catId":"976759_976787_1001390","name":"Chips"}},"seoMetaData":{"metaTitle":"Chips – Walmart.com","metaDesc":"Shop for Chips at Walmart.com and choose from popular chip brands like Lay's, Frito-Lay, Doritos, Cheetos, and Ruffles for less. Save money. Live better.","metaCanon":"https://www.walmart.com/browse/food/chips/976759_976787_1001390","h1":"Chips – Walmart.com"},"pageMetadata":{"location":{"pickupStore":"3081","deliveryStore":"3081","intent":"SHIPPING","postalCode":"95829","stateOrProvinceCode":"CA","city":"Sacramento","storeId":"3081","accessPointId":null,"accessType":null},"pageContext":{"browseContext":{"cat_id":"/976759/976787/1001390","cat_path_name":"/Food/Snacks, Cookies \u0026 Chips/Chips"}}}},"initialSearchQueryVariables":{"id":"","dealsId":"","query":"","page":1,"prg":"desktop","catId":"976759_976787_1001390","facet":"","sort":"best_match","rawFacet":"","seoPath":"","ps":40,"ptss":"","trsp":"","beShelfId":"","recall_set":"","module_search":"","min_price":"","max_price":"","storeSlotBooked":"","additionalQueryParams":{"hidden_facet":null,"translation":null},"searchArgs":{"query":"","cat_id":"976759_976787_1001390","prg":"desktop","facet":""},"fitmentFieldParams":null,"fitmentSearchParams":{"id":"","dealsId":"","query":"","page":1,"prg":"desktop","catId":"976759_976787_1001390","facet":"","sort":"best_match","rawFacet":"","seoPath":"","ps":40,"ptss":"","trsp":"","beShelfId":"","recall_set":"","module_search":"","min_price":"","max_price":"","storeSlotBooked":"","additionalQueryParams":{"hidden_facet":null,"translation":null},"searchArgs":{"query":"","cat_id":"976759_976787_1001390","prg":"desktop","facet":""},"cat_id":"976759_976787_1001390","_be_shelf_id":""},"fetchMarquee":true,"fetchSkyline":true,"fetchSbaTop":false,"tenant":"WM_GLASS","enablePortableFacets":false},"psych":{"isMobile":false,"isBot":false},"isomorphicSessionId":"dZUTvV-R4F-1uRoe78qou","trace":{"traceId":"8e5fef64aada161d8f1898767ea2dc70","spanId":"41e223389a601ebd","traceFlags":1},"isCaching":false,"queryContextCacheId":1600,"bootstrapData":{"account":{"data":{"account":null}},"cart":null,"header":{"data":{"contentLayout":{"modules":[{"name":"NEW: Members save 10 cents a gallon at Exxon \u0026 Mobil stations. Terms apply. - GlobalAlertBar Module - 4.26.22 (9:00pm) to 4.27.22 (9:00pm)","type":"GlobalAlertBar","moduleId":"b4366142-3545-4e52-a4aa-75494a7776f0","matchedTrigger":{"zone":"alertBar"},"configs":{"athenaEnabled":"False","alertBarV1":{"iconName":"WalmartPlus","text":"NEW: Members save 10¢ a gallon at Exxon \u0026 Mobil stations. Terms apply.","link":{"linkText":"Learn more","title":"Learn more","clickThrough":{"value":"https://www.walmart.com/plus?povid=wpl_globalalert_fuel"},"uid":"JjLu2rdo"},"backgroundColor":"#e3e4e5","messageColor":"#2e2f32","showCloseButton":"True"}}}]}},"headers":{}},"footer":{"data":{"location":{"status":true,"postalCode":"95829","nodeId":"3081","errors":[],"shippingAddress":{"addressId":null,"addressLineOne":null,"addressLineTwo":null,"city":"Sacramento","stateOrProvinceCode":"CA","postalCode":"95829"},"pickupNode":{"nodeId":"3081","displayName":"Sacramento Supercenter","addressLineOne":"8915 Gerber Road","city":"Sacramento","stateOrProvinceCode":"CA","postalCode":"95829","accessPointId":null}},"contentLayout":{"modules":[{"name":"GlobalFooterLinks Module,","type":"GlobalFooterLinks","matchedTrigger":{"zone":"footerZone1"},"configs":{"subLinks":[{"link":{"linkText":"All Departments","title":"All Departments","clickThrough":{"type":"url","value":"/all-departments","rawValue":"/all-departments"},"uid":"zuC8vwt4"},"isSFLink":"False","openInNewTab":"False"},{"link":{"linkText":"Store Directory","title":"Store Directory","clickThrough":{"type":"url","value":"/store/directory","rawValue":"/store/directory"},"uid":"H35X2opY"},"isSFLink":"False","openInNewTab":"True"},{"link":{"linkText":"Careers","title":"Careers","clickThrough":{"type":"url","value":"https://careers.walmart.com/","rawValue":"https://careers.walmart.com/"},"uid":"3JvzlnuM"},"isSFLink":"False","openInNewTab":"True"},{"link":{"linkText":"Our Company","title":"Our Company","clickThrough":{"type":"url","value":"https://corporate.walmart.com/","rawValue":"https://corporate.walmart.com/"},"uid":"8ScthXgM"},"isSFLink":"False","openInNewTab":"True"},{"link":{"linkText":"Sell on Walmart.com","title":"Sell on Walmart.com","clickThrough":{"type":"url","value":"https://marketplace.walmart.com/?utm_source=Walmart.com\u0026utm_medium=link\u0026utm_campaign=footer","rawValue":"https://marketplace.walmart.com/?utm_source=Walmart.com\u0026utm_medium=link\u0026utm_campaign=footer"},"uid":"yJ4Ohzsq"},"isSFLink":"False","openInNewTab":"True"},{"link":{"linkText":"Help","title":"Help","clickThrough":{"type":"url","value":"/help","rawValue":"/help"},"uid":"3Owhn3cK"},"isSFLink":"False","openInNewTab":"False"},{"link":{"linkText":"COVID-19 Vaccine Scheduler","title":"COVID-19 Vaccine Scheduler","clickThrough":{"type":"url","value":"https://www.walmart.com/cp/flu-shots-immunizations/1228302","rawValue":"https://www.walmart.com/cp/flu-shots-immunizations/1228302"},"uid":"qCVduDBX"},"isSFLink":"False","openInNewTab":"False"},{"link":{"linkText":"Product Recalls","title":"Product Recalls","clickThrough":{"type":"url","value":"https://corporate.walmart.com/recalls","rawValue":"https://corporate.walmart.com/recalls"},"uid":"zvFmPeD9"},"isSFLink":"False","openInNewTab":"True"},{"link":{"linkText":"Accessibility","title":"Accessibility","clickThrough":{"type":"url","value":"https://www.walmart.com/help/article/responsible-disclosure-and-accessibility-policies/0f173dab8bd942da84b1cd7ab5ffc3cb","rawValue":"https://www.walmart.com/help/article/responsible-disclosure-and-accessibility-policies/0f173dab8bd942da84b1cd7ab5ffc3cb"},"uid":"S48bZs6T"},"isSFLink":"True","openInNewTab":"True"},{"link":{"linkText":"Tax Exempt Program","title":"Tax Exempt Program","clickThrough":{"type":"url","value":"https://www.walmart.com/taxexempt/","rawValue":"https://www.walmart.com/taxexempt/"},"uid":"UDNi8zSy"},"isSFLink":"False","openInNewTab":"True"},{"link":{"linkText":"Get the Walmart App","title":"Get the Walmart App","clickThrough":{"type":"url","value":"https://walmart.onelink.me/UIev?pid=walmart.com\u0026af_web_dp=https%3A%2F%2Fwww.walmart.com%2Fcp%2Fwalmart-mobile-app%2F1087865\u0026c=Walmart.com%20Site%20Footer\u0026af_dp=walmart%3A%2F%2F","rawValue":"https://walmart.onelink.me/UIev?pid=walmart.com\u0026af_web_dp=https%3A%2F%2Fwww.walmart.com%2Fcp%2Fwalmart-mobile-app%2F1087865\u0026c=Walmart.com%20Site%20Footer\u0026af_dp=walmart%3A%2F%2F"},"uid":"E0SzbKzK"},"isSFLink":"False","openInNewTab":"False"},{"link":{"linkText":"Sign-up for Email","title":"Sign-up for Email","clickThrough":{"type":"url","value":"https://www.walmart.com/account/communications-and-privacy?section=marketingemails","rawValue":"https://www.walmart.com/account/communications-and-privacy?section=marketingemails"},"uid":"7Lhnk2mS"},"isSFLink":"False","openInNewTab":"False"},{"link":{"linkText":"Terms of Use","title":"Terms of Use","clickThrough":{"type":"url","value":"/help/article/walmart-com-terms-of-use/3b75080af40340d6bbd596f116fae5a0","rawValue":"/help/article/walmart-com-terms-of-use/3b75080af40340d6bbd596f116fae5a0"},"uid":"0zMqEcVI"},"isSFLink":"False","openInNewTab":"False"},{"link":{"linkText":"Privacy \u0026 Security","title":"Privacy \u0026 Security","clickThrough":{"type":"url","value":"https://corporate.walmart.com/privacy-security","rawValue":"https://corporate.walmart.com/privacy-security"},"uid":"v8SRLDKw"},"isSFLink":"False","openInNewTab":"True"},{"link":{"linkText":"CA Privacy Rights","title":"CA Privacy Rights","clickThrough":{"type":"url","value":"https://corporate.walmart.com/privacy-security/california-privacy-rights","rawValue":"https://corporate.walmart.com/privacy-security/california-privacy-rights"},"uid":"9Ni6sNcm"},"isSFLink":"True","openInNewTab":"True"},{"link":{"linkText":"California Supply Chain Act","title":"California Supply Chain Act","clickThrough":{"type":"url","value":"https://corporate.walmart.com/california-transparency","rawValue":"https://corporate.walmart.com/california-transparency"},"uid":"m7MuhLuF"},"isSFLink":"False","openInNewTab":"True"},{"link":{"linkText":"Do Not Sell My Personal Information","title":"Do Not Sell My Personal Information","clickThrough":{"type":"url","value":"https://www.walmart.com/account/api/ccpa-intake?native=false\u0026app=gm\u0026type=sod","rawValue":"https://www.walmart.com/account/api/ccpa-intake?native=false\u0026app=gm\u0026type=sod"},"uid":"1EAiCJOO"},"isSFLink":"True","openInNewTab":"True"},{"link":{"linkText":"Request My Personal Information","title":"Request My Personal Information","clickThrough":{"type":"url","value":"https://www.walmart.com/account/api/ccpa-intake?native=false\u0026app=gm\u0026type=access","rawValue":"https://www.walmart.com/account/api/ccpa-intake?native=false\u0026app=gm\u0026type=access"},"uid":"vNAKHfwt"},"isSFLink":"True","openInNewTab":"True"}]}}]}},"headers":{}},"cv":{"account":{"_all_":{"vuduLibraryUrl":"https://video.walmart.com/content/account/purchasehistory","enableAccountDWeb":true,"registriesUrl":"/my-registries","enableGoogleAutoComplete":true,"enableMyItemsMenu":true,"enablePostalCodeMessage":false,"enableLocationAutoComplete":true,"eBookUrl":"https://www.walmart.com/account/redirect/kobo?page=library","enableAccountWallet":true,"isInHomeEnabled":true,"ccpaUrl":"/account/ccpa-reporting","enableAccountMWeb":true,"enableSubscriptionModule":true,"walmartPlusUrl":"https://www.walmart.com/grocery/account/plus/overview","enablePostalCodeOnly":false,"listsUrl":"/lists","enableZipcodeInAddressSelector":false,"placeholder":1,"enableWalmartPlus":true,"customCakeUrl":"https://www.walmart.com/order-ahead/cake","itemSubscriptionUrl":"https://www.walmart.com/m/deals/subscriptions/manage","communicationAndPrivacyUrl":"/account/communications-and-privacy","enableWalmartPlusPreference":true,"walmartAssociateUrl":"https://www.walmart.com/account/associate-discount","pharmacyUrl":"https://www.walmart.com/pharmacy/dashboard","enableFeatureCommsAndPrivacy":true,"protectionPlanUrl":"/protection-plans","enchancedAccountPharmacyUrl":"https://www.walmart.com/cp/5431","enableItemSubscriptionRamp":false,"reorderUrl":"https://www.walmart.com/my-items","enableAvsOverride":true,"shouldUpdateCartAfterUpdateZipcode":true,"ccpaNewRequestUrl":"https://www.walmart.com/account/api/ccpa-intake?native=false\u0026amp;type=access","autoCareCenterUrl":"https://www.walmart.com/cp/auto-services/1087266","isFCShippingEnabled":true,"enableItemSubscription":true,"enableAddressLineOneAutofill":false,"enableInHomeAddress":true}},"cart":{"_all_":{"enableCapOne":true,"enableItemUpdates":true,"enableWalmartPlusIntegratedSignUp":true,"enableItemSwitchableBadge":true,"enablePartialCheckout":true,"enableATCOptimization":true,"enableATCRateLimitingMessage":true,"enableGXOSignInNudge":true,"enableSubstituteOOS":true,"enableACCScheduling":true,"enableCapOneRewards":true,"enableGuestCheckout":true,"enablePartialSwitchModuleLevel":true,"enableCallouts":true,"enableAffirm":true,"enableItemNotSwitchableBadge":true,"enableWplusThirtyDaystrial":true,"enableWplus":true,"enableEbt":true,"enableSFL":true,"enableSetPickupMutation":true,"enableAddOnServicesPAC":true,"enableCarePlansAndHomeServices":true,"enableSetShippingOrDeliveryMutation":true,"enableWirelessFreebiePromo":true,"enableRegistry":true,"enableCartGIC":true,"enableSubstituteOOSV2":false,"enableShippingIntent":true,"enableOmniPromise":true,"enableEnhancedEmptyCart":true,"enableWirelessPostpaid":true,"enableQueueing":true,"sflCountPerPagination":20,"enableProductTileV2":false,"enableFulfillmentHeadersV2":true,"enableEarlyAccess":true,"enableInHomeDelivery":true,"enableLastCall":true,"enableAccSchedulingFindStores":true,"enableOOSHotFix":true,"disableGetCartCSR":false,"enableSFLPerformanceMode":false,"enablePAC":true,"enableNonConfigBundles":true,"enableShopSimilar":false,"enableSigninBenefits":true,"enableWplusFulfillmentBanner":true,"enablePACCheckout":false,"initialSFLCount":10,"enableCXOPrefetch":true,"enableItemSwitchableTempBadge":false,"enableAEBadge":true,"enableATCAnimation":false,"enableStoreSnackBarMessage":false}},"bookslot":{"_all_":{"gmStoreMessageForNoUSPSlot":true,"enableWirelessPostpaid":true,"walmartPlusFreeDelivery":true,"enablePriorityTimesIntegratedSignup":true,"enableWalmartPlusIntegratedSignUp":true,"hidePickupSlotPrice":true,"alcoholRestrictedSlotsFilterEnable":true,"disableMergeAndGetCartCSR":false,"enableBlockRegistrantAddressDelivery":true,"enableEarliestAvailableSlotPreselection":false,"enableFulfillmentIntent":true,"enableNoSlotPreselectionOnTabSwitch":false,"enableSlotPreSelectionV2":true,"enableEarliestAvailableDayPreselection":false,"enablePickupOnShippingIntent":true,"enableNoPickupSlotSelectionForDefaultStore":true,"enableWalmartPlus":true,"nodeSelectableOnlineEnable":true,"enableStoreHours":true,"hideStoreChooserDefaultAlert":true,"tempoCacheExpirationInSeconds":300,"enablePriorityTimes":true,"maxCountOfStoresForInventory":5,"disableFreeDeliveryBannerForExpressOnlyStores":true,"enablePreselectionV2UserIntentOverReservation":false,"enableInHomeSlotsQueryHeader":true,"mergeSlotsEnable":true}},"header":{"_all_":{"showNavLinks":true,"isAlertBarEnabled":true,"fetchLocationCSROnLoad":true,"fetchLocation":true,"enableGIC":false,"calloutViewsPerIdPerBSTC":1,"calloutViewsPerIdPerVTC":2,"maxCalloutsPerBSTC":4,"showOptOut":true,"calloutsEnabled":true,"showAddressLineOne":true,"navLinks":"'[{\"name\": \"Grocery\",\"link\": \"https://www.walmart.com/cp/1735450\"},{\"name\": \"Fashion\",\"link\": \"https://www.walmart.com/cp/clothing/5438\"},{\"name\": \"Home\",\"link\": \"https://www.walmart.com/cp/home/4044\"},{\"name\": \"Toys\",\"link\": \"https://www.walmart.com/cp/toys/4171\"},{\"name\": \"Walmart+\",\"link\": \"https://www.walmart.com/plus\"},{\"name\": \"Savings hub\",\"link\": \"https://www.walmart.com/shop/deals\"},{\"name\": \"Deal of the Day\",\"link\": \"https://www.walmart.com/ip/HP-11-6-Chromebook-AMD-A4-4GB-RAM-32GB-Storage-Black-16W64UT-ABA/592161882?athbdg=L1300\"}]'"}},"pulse":{"_all_":{"alwaysAllowedTagList":"","logLevel":"info","enableV1Schema":true,"enableQuantumMetric":true}},"footer":{"_all_":{"enableXOFeedback":true,"hideGiveFeedbackSection":true}},"shared":{"_all_":{"enableQueueing":false,"enableExpressSla":true,"aeModuleHeaderText":"Black Friday Deals pickup","helpLinkReturnRefunds":"https://www.walmart.com/help/channel/returns-and-refunds/5a33a1f61af8479e9d1bd8b727e9e761","legacySiteDirectspendingRedirectEnabled":false,"itemReservationsBannerText":"left to buy your item","helpLinkMobileAlertsTerms":"https://www.walmart.com/help/article/mobile-alerts-terms-of-use/499122d9bba94d08b50e8facf42fcc82","bookSlotPersistentFilterEnable":false,"helpLinkMPReturnPolicy":"https://www.walmart.com/help/article/walmart-marketplace-return-policy/63c3566a9d3546858582acae2fbfdb7e","helpLinkTermsOfUse":"https://www.walmart.com/help/article/walmart-com-terms-of-use/3b75080af40340d6bbd596f116fae5a0","placeholder":"US","legacySiteNGRedirectEnabled":false,"legacySiteInhomeRedirectEnabled":false,"legacySiteEbtRedirectEnabled":false,"enableWaitingHallway":true,"disableGetCartSSR":true,"enableAdSessionId":true,"queueTimeToCompletePurchase":10,"helpLinkStorePurchase":"https://www.walmart.com/help/article/view-store-purchases/f56a1afbf3b5428bb69f0124daa49108","beaconWithQuantumMetrics":false,"enableFullPageCart":true,"enableGifting":true,"enableHubAndSpoke":true,"queueRefetchInterval":5000,"queueMaxRefetchDuration":900000,"enableAstCookie":true,"enableSinglePageXO":false}},"ads":{"_all_":{"spMq2Measure3PEnable":true,"adResponseBeaconEnable":true,"adPreviousResponseNullCheck":true,"displayProductPos":true,"spMq2Measure1PEnable":true,"ipMq1RenderEnable":true,"ipSkReqEnable":true,"bpMq2Measure1PEnable":true,"displayOrderDeduplication":true,"measure3PImpEnable":true,"cacheBusterTimeDiffMs":180000,"bpSkReqEnable":true,"bpMq2ReqEnable":true,"spMq1RenderEnable":true,"bpSkMeasure1PEnable":true,"adShowAtcFieldEnable":true,"bpSkMeasure3PEnable":true,"spMq2RenderEnable":true,"ipSpc2Measure1PEnable":true,"hpMq1Measure1PEnable":true,"displayPoVAdBlockerEnable":false,"hpMq1Measure3PEnable":true,"spSkRenderEnable":true,"bpSpc1ReqEnable":true,"displayUnitWrapperUnmount":true,"bpMq1ReqEnable":true,"displayAddlInfo":true,"adsXpa":"9nMgr,WqVri,QdefC,ZCBNY","displayCheckIp":false,"bpMq1RenderEnable":true,"adManualShelfIdCheck":true,"hpMq2RenderEnable":true,"moatIvt":"https://www.walmart.com/swag/v2/ip-rd","bpMq2RenderEnable":true,"hpMq1RenderEnable":true,"ipSpc2ReqEnable":true,"spSkMeasure1PEnable":true,"displaySbaLogospQs":true,"spSkMeasure3PEnable":true,"bpSpc1Measure1PEnable":true,"sbaMwebRedesignV2Enable":false,"displayProductsPos":false,"adSPIncrementDecrementCheck":true,"spMq1Measure1PEnable":true,"hpP3NMeasure1PEnable":true,"ipSkMeasure1PEnable":true,"adViewableGmBeaconCheck":true,"spMq1Measure3PEnable":true,"bpMq1Measure1PEnable":true,"ipSpc1ReqEnable":true,"updateAdV2Query2StoreEnable":false,"spMq2ReqEnable":true,"bpSkRenderEnable":true,"lazyRenderCmp":false,"ipMq1Measure3PEnable":true,"ipMq1Measure1PEnable":true,"spSkReqEnable":true,"displayPreviousRenderCheck":true,"safeframeURL":"https://i5.walmartimages.com/dfw/63fd9f59-d6ba/07b8ea82-184c-4ea3-8ac0-5dc1981e40c8/v33/safeframe.html","hpMq1ReqEnable":true,"bpMq1Measure3PEnable":true,"displayPPMMode":true,"ipSpc1Measure1PEnable":true,"bpBigMeasure1PEnable":true,"sbaMwebRedesignV1Enable":false,"ipSkMeasure3PEnable":true,"ipMq1ReqEnable":true,"ipMq2Measure1PEnable":true,"ipMq2Measure3PEnable":true,"hpMq2Measure3PEnable":true,"hpMq2Measure1PEnable":true,"spMq1ReqEnable":true,"spSpc1ReqEnable":true,"ipP3NMeasure1PEnable":true,"bpMq2Measure3PEnable":true,"displayDeduplication":true,"adCategoryTakeoverCheck":true,"blockInternal":true,"ipSkRenderEnable":true,"hpMq2ReqEnable":true,"ipMq2ReqEnable":true,"spSpc1Measure1PEnable":true,"ipMq2RenderEnable":true}},"search":{"_all_":{"enableLeftHandNav":false,"enableExternalInfoUrl":true,"fetchItemsV2Enable":true,"enableNewStackedRecallNoResult":true,"threeColumnGrid":false,"enableGIC":false,"fitmentModulesEnable":true,"bannerModulesEnable":true,"enableGrapqlQueryParams":true,"fitmentTopicPageEnable":true,"searchPersistentFilterEnable":false,"enableFulfillmentMethodDemo":false,"clientFetchTimeoutMs":15000,"fetchTimeoutMs":7000,"bookSlotPersistentFilterEnable":false,"postProcessedQueryEnable":true,"imageSizeEnum":"3","seoModulesEnable":true,"enableMaxWidth":false,"partialRenderEnable":true,"enablePortableFacets":false}}}},"enableGqlCsrRedirect":true,"nonce":"HMtW5E8p0htZOWXF","adSessionId":"99839538a2b9de15a620a25c655ff826;TBV|adblocked|dimensionData|_pxvid|ACID|hasACID|vtc|locGuestData|AID|com.wm.reflector"}},"page":"/browse/[...seo]","query":{"seo":["food","chips","976759_976787_1001390"]},"buildId":"production_20220426T213425752Z-en-US","assetPrefix":"https://i5.walmartimages.com/dfw/63fd9f59-7d3a/a19c238e-21f4-4fe4-8ca6-382c060b0be9/v2/en-US","runtimeConfig":{"isDev":false,"enableLatencyTrace":true,"enablePersistedQueries":false,"tenant":"WM_GLASS","tenantV2":{"bu":"WALMART-US","mart":"B2C"},"mockURL":"http://mock-backend.dev.walmart.com/","mock":true,"endpointMappings":{"operations":{"query configuration":"cegateway","query ContentPage":"cegateway","query checkItemCartEligibility":"cecxo","mutation MergeAndGetCart":"cecxo","query getGuestOrder":"cegateway","query PurchaseHistory":"cecph","mutation NotifyCapOneBannerSnooze":"cegateway","mutation CancelOrder":"cecph","query LastCallPage":"cegateway","query AdV2Display":"adsgateway","query GetCommPreference":"cegateway","query PurchasedProtectionPlans":"cecph","query ProtectionPlanDetail":"cecph","query subscriptions":"cegateway","query CartSubstitutions":"cegateway","query CartShopSimilar":"cegateway","query GetEarlyAccessLearnMoreData":"ceaccount","query PostCartLoadPage":"cegateway"},"queryStrings":{"step=cart":"cecxo","step=bookslot":"cecxo","entitytype=*":"ceorders","state=*":"ceorders","source=*":"ceorders"},"pages":{"*":"cegateway","/":"cegateway","/404":"cegateway","/account/*":"cegateway","/all-departments":"cegateway","/browse/*":"cegateway","/c/[...seo]":"cegateway","/ci-control":"cegateway","/cp/[...categoryParams]":"cegateway","/content/[...categoryParams]":"cegateway","/help/*":"cegateway","/ip/[...itemParams]":"cegateway","/lists/*":"cegateway","/my-items":"cegateway","/my-registries":"cegateway","/shop/*":"cegateway","/shop/[...seo]":"cegateway","/nonprofits/*":"cegateway","/orders/*":"ceorders","/partner/plus/*":"cegateway","/plus/*":"cegateway","/product/[...itemParams]":"cegateway","/registry/*":"cegateway","/reviews/*":"cegateway","/search/*":"cegateway","/seller/*":"cegateway","/services":"cegateway","/thankyou":"cecxo","/topic/[...seo]":"cegateway","/tp/*":"cegateway","/update-payment-method-form":"cegateway","/update-payment-method":"cegateway","/wallet/associate-discount":"cegateway","/subscriptions/manage":"cegateway","/cart":"cecxo","/pac":"cecxo"}},"googleMaps":{"checkAddressAPIKey":"AIzaSyCX5gh3yoq4316wUDxRpljFOwWA6_-BEMg","addressAPIKey":"AIzaSyBIAnB1a3UejjFVRNtszhaEE8yrKySRTEo","geoCodingAPIKey":"AIzaSyBvv63fBVZ1RtNJLGkN9XCFE1WfVl0o1HY","riseMapAPIKey":{"dev":"AIzaSyA9K6pBcYvCp4_FxKHsPi-JDJfvcvSbtp0","defaultKey":"AIzaSyA0Gi6N7afDzAqBiPI3MlWDMaaxC5xKldM"}},"pulseBeacon":{"enable":true,"hostname":"i5.walmartimages.com","bd":"beacon.walmart.com","bh":"beacon.lightestwithqm.walmart.com","hostWithQM":"beacon.lightestwithqm.walmart.com","hostWithoutQM":"beacon.lightest.walmart.com"},"perimeterX":{"enable":true,"initScript":"https://www.walmart.com/px/PXu6b0qd2S/init.js"},"identity":{"context":{"signOutUrl":"https://www-e16.walmart.com/account/logout","signInPathname":"/account/login","createAccountPathname":"/account/signup"},"authFrameRoutes":{"frame":"/account/login","gxoSignin":"/account/login","gxoSignup":"/account/signup/gxo","reauthFrame":"/account/login"}},"threatMetrix":{"enable":true},"paymentsPageUrl":"https://wallet.walmart.com/payments?wv=main","paymentsChooserPageUrl":"https://wallet.walmart.com/payments/chooser","moatIvt":"https://www.walmart.com/swag/v2/ip-rd","appVersion":"main-496-03e344","appSha":"03e3441d950c05c4a026a1430267431a62f0e022","profile":"production","tmxOrgId":"hgy2n0ks","dataCenter":"eus2","queryContext":{"appVersion":"main-496-03e344","isPerimeterXTest":false,"gql":{"endpointsByName":{"ceaccount":"/orchestra/account/graphql","cecxo":"/orchestra/cartxo/graphql","cecph":"/orchestra/cph/graphql","adsgateway":"/swag/graphql","ceorders":"/orchestra/orders/graphql","cegateway":"/orchestra/home/graphql"}},"rest":{"endpointsByName":{"cereturns":"/orchestra/api/returns","ceaccount":"/orchestra/api/account","cehelp":"/orchestra/help/api","cehelpchat":"/orchestra/helpChat/api","ceidentity":"/orchestra/account/electrode/api/identity","typeahead":"/typeahead/v3/complete","espvalidation":"/esp/prepaid/v1/plans","warppaymentoptions":"/orchestra/api/online/variantbasic/item","cewarp":"/orchestra/api/warp","ceccm":"/orchestra/api/ccm/v1/bootstrap","cewireless":"/orchestra/api/wireless"}}}},"isFallback":false,"dynamicIds":[5338,63446,46445,81410,73045,25200,58175,44616],"customServer":true,"gip":true,"appGip":true,"locale":"en","locales":["en"],"defaultLocale":"en","scriptLoader":[]}</script><script src="//i5.walmartimages.com/a14/cdn-doms-usgm.js" nonce="HMtW5E8p0htZOWXF"></script><script async="async" defer="defer" src="//i5.walmartimages.com/a14/cdn-perf.min.js" nonce="HMtW5E8p0htZOWXF"></script><script nonce="HMtW5E8p0htZOWXF">window.SW_DOMAIN = "walmart.com"</script><script nonce="HMtW5E8p0htZOWXF">(function(e){var t=e.document;BOOMR=e.BOOMR||{};BOOMR.plugins=BOOMR.plugins||{};var n={localStorageTestKey:"TorbitLSTest",pageTags:[],pageConversions:[],initHasRun:false};BOOMR.plugins.pageMeta={init:function(r){initHasRun=true;try{localStorage.setItem(n.localStorageTestKey,n.localStorageTestKey);localStorage.removeItem(n.localStorageTestKey);BOOMR.addVar("ls",1)}catch(i){BOOMR.addVar("ls",0)}if(e.location.protocol=="https:")BOOMR.addVar("prt",1);else BOOMR.addVar("prt",0);BOOMR.addVar("ref",t.referrer);if(e.performance&&e.performance.memory){for(m_name in e.performance.memory){if(e.performance.memory.hasOwnProperty(m_name)){BOOMR.addVar(m_name,e.performance.memory[m_name])}}}BOOMR.addVar("wH",e.innerHeight||t.body.clientHeight||t.documentElement.clientHeight);BOOMR.addVar("tags",n.pageTags.join("|"));return this},addTag:function(e){n.pageTags.push(e);if(!n.initHasRun){return}BOOMR.addVar("tags",n.pageTags.join("|"))},addConversion:function(e,t){var r=e;if(t&&(t>0||t.length>0))r=e+"="+t;n.pageConversions.push(r);BOOMR.addVar("conversion",n.pageConversions.join("|"))},is_complete:function(){return true}}})(window);(function(e){try{e._tbq=e._tbq||[];_tbq.push=function(e){if(e.length<1||!e[0])return;switch(e[0]){case"tag":if(e.length<2)return;BOOMR.plugins.pageMeta.addTag(e[1]);break;case"startTimer":if(e.length<2)return;BOOMR.plugins.customEvents.startTimer(e[1]);break;case"endTimer":if(e.length<2)return;BOOMR.plugins.customEvents.endTimer(e[1]);break}};for(i in _tbq){if(_tbq.hasOwnProperty(i)&&i!="push"){_tbq.push(_tbq[i]);delete _tbq[i]}}}catch(t){}})(window);</script><script nonce="HMtW5E8p0htZOWXF">window._pxAppId = 'PXu6b0qd2S'</script><iframe src="https://tap.walmart.com/v1/tapframe?item_ids=13448658%2C10312636%2C954829676&amp;item_prices=3%2C3.54%2C6.98&amp;offer_type=STORE%2CSTORE%2CSTORE&amp;host=https%253A%252F%252Fwww.walmart.com%252Fcp%252Fsnacks-cookies-chips%252F976787" referrerpolicy="no-referrer-when-downgrade" title="empty" tabindex="-1" aria-label="empty" aria-hidden="true" style="width: 0px; height: 0px; border: 0px none; display: inherit;"></iframe><script async="async" defer="defer" src="/px/PXu6b0qd2S/init.js" nonce="HMtW5E8p0htZOWXF"></script><noscript><img src="https://www.walmart.com/akam/13/pixel_31125c24?a=dD1iZmE2ZDJjMjc3Y2NjZTMwODVkZTRlZGNhNDE1MjEyODU0ZDhlZjJkJmpzPW9mZg==" style="visibility: hidden; position: absolute; left: -999px; top: -999px;" /></noscript><div style="height: 1px;" class="ads-wrapper"></div><next-route-announcer><p aria-live="assertive" id="__next-route-announcer__" role="alert" style="border: 0px none; clip: rect(0px, 0px, 0px, 0px); height: 1px; margin: -1px; overflow: hidden; padding: 0px; position: absolute; width: 1px; white-space: nowrap; overflow-wrap: normal;"></p></next-route-announcer><script src="https://i5.walmartimages.com/dfw/63fd9f59-7d3a/a19c238e-21f4-4fe4-8ca6-382c060b0be9/v2/en-US/_next/static/chunks/50329-a6eef8d87d6c7e7b8063.js"></script><script src="https://i5.walmartimages.com/dfw/63fd9f59-7d3a/a19c238e-21f4-4fe4-8ca6-382c060b0be9/v2/en-US/_next/static/chunks/4128-f450d33e296203aa1dc9.js"></script><script src="https://i5.walmartimages.com/dfw/63fd9f59-7d3a/a19c238e-21f4-4fe4-8ca6-382c060b0be9/v2/en-US/_next/static/chunks/8554-010f2954ea4402e74f6b.js"></script><script src="https://i5.walmartimages.com/dfw/63fd9f59-7d3a/a19c238e-21f4-4fe4-8ca6-382c060b0be9/v2/en-US/_next/static/chunks/54281-f7eebc3a8d6272c28de2.js"></script><script src="https://i5.walmartimages.com/dfw/63fd9f59-7d3a/a19c238e-21f4-4fe4-8ca6-382c060b0be9/v2/en-US/_next/static/chunks/28399-d622fcde181980146b85.js"></script><script src="https://i5.walmartimages.com/dfw/63fd9f59-7d3a/a19c238e-21f4-4fe4-8ca6-382c060b0be9/v2/en-US/_next/static/chunks/77532-f2852a5c22b1f612b05e.js"></script><script src="https://i5.walmartimages.com/dfw/63fd9f59-7d3a/a19c238e-21f4-4fe4-8ca6-382c060b0be9/v2/en-US/_next/static/chunks/46684-9f9cfddbd6cd10a72d97.js"></script><script src="https://i5.walmartimages.com/dfw/63fd9f59-7d3a/a19c238e-21f4-4fe4-8ca6-382c060b0be9/v2/en-US/_next/static/chunks/6485-b50938e09c218c2aaf67.js"></script><script src="https://i5.walmartimages.com/dfw/63fd9f59-7d3a/a19c238e-21f4-4fe4-8ca6-382c060b0be9/v2/en-US/_next/static/chunks/90999-8a83c62459480d7cf115.js"></script><script src="https://i5.walmartimages.com/dfw/63fd9f59-7d3a/a19c238e-21f4-4fe4-8ca6-382c060b0be9/v2/en-US/_next/static/chunks/pages/ip/%5B...itemParams%5D-ec494cd4c7c65f6fed79.js"></script><script src="https://i5.walmartimages.com/dfw/63fd9f59-7d3a/a19c238e-21f4-4fe4-8ca6-382c060b0be9/v2/en-US/_next/static/chunks/41070-8cc0dce47d41b1c0521d.js"></script><script src="https://i5.walmartimages.com/dfw/63fd9f59-7d3a/a19c238e-21f4-4fe4-8ca6-382c060b0be9/v2/en-US/_next/static/chunks/24654-39301c8e53da5860105d.js"></script><script src="https://i5.walmartimages.com/dfw/63fd9f59-7d3a/a19c238e-21f4-4fe4-8ca6-382c060b0be9/v2/en-US/_next/static/chunks/pages/index-5b3de350f532c7c83c28.js"></script><script src="https://i5.walmartimages.com/dfw/63fd9f59-7d3a/a19c238e-21f4-4fe4-8ca6-382c060b0be9/v2/en-US/_next/static/chunks/pages/my-items-ae06e7de3bb1bcc1bc07.js"></script></body></html>