<html lang="en"><head nonce="rO0fwibaC3yR24Ma"><link href="//dis.criteo.com" rel="dns-prefetch"/><link href="//ib.adnxs.com" rel="dns-prefetch"/><link href="//secure-assets.rubiconproject.com" rel="dns-prefetch"/><link href="//beam.hlserve.com" rel="dns-prefetch"/><link href="//pubads.g.doubleclick.net" rel="dns-prefetch"/><link href="//omniture-ssl.walmart.com" rel="dns-prefetch"/><link href="//omniture.walmart.com" rel="dns-prefetch"/><link href="//p.typekit.net" rel="dns-prefetch"/><link href="//pagead2.googlesyndication.com" rel="dns-prefetch"/><link href="//partner.googleadservices.com" rel="dns-prefetch"/><link href="//tpc.googlesyndication.com" rel="dns-prefetch"/><link href="//beacon.walmart.com" rel="dns-prefetch"/><link href="//b.wal.co" rel="dns-prefetch"/><link href="//i5.walmartimages.com" rel="dns-prefetch"/><link href="//i5.wal.co" rel="dns-prefetch"/><meta content="width=device-width" name="viewport"/><meta charset="utf-8"/><meta content="105223049547814" property="fb:app_id"/><link as="font" crossorigin="anonymous" href="https://i5.walmartimages.com/dfw/63fd9f59-a78c/fcfae9b6-2f69-4f89-beed-f0eeb4237946/v1/BogleWeb_subset-Bold.woff2" rel="preload" type="font/woff2"/><link as="font" crossorigin="anonymous" href="https://i5.walmartimages.com/dfw/63fd9f59-a78c/fcfae9b6-2f69-4f89-beed-f0eeb4237946/v1/BogleWeb_subset-Regular.woff2" rel="preload" type="font/woff2"/><title>Chips – Walmart.com</title><meta content="Shop for Chips at Walmart.com and choose from popular chip brands like Lay's, Frito-Lay, Doritos, Cheetos, and Ruffles for less. Save money. Live better." name="description"/><link href="https://www.walmart.com/browse/food/chips/976759_976787_1001390" rel="canonical"/><meta content="https://www.walmart.com/browse/food/chips/976759_976787_1001390" property="og:url"/><meta content="Shop for Chips at Walmart.com and choose from popular chip brands like Lay's, Frito-Lay, Doritos, Cheetos, and Ruffles for less. Save money. Live better." property="og:description"/><meta content="Chips – Walmart.com" property="og:title"/><meta content="https://i5.walmartimages.com/asr/5bb48bb8-d297-4b93-99fc-064391c82aad.00abbbd8a411d245e51c2d7f613ebf65.jpeg?odnHeight=180&amp;odnWidth=180&amp;odnBg=FFFFFF" property="og:image"/><meta content="Website" property="og:type"/><meta content="Walmart.com" property="og:site_name"/><script nonce="rO0fwibaC3yR24Ma" type="application/ld+json">{"@context":"https://schema.org","@type":"BreadcrumbList","itemListElement":[{"@type":"ListItem","position":1,"item":{"@type":"Thing","@id":"https://www.walmart.com/cp/food/976759","name":"Food"}},{"@type":"ListItem","position":2,"item":{"@type":"Thing","@id":"https://www.walmart.com/cp/snacks-cookies-chips/976787","name":"Snacks, Cookies & Chips"}},{"@type":"ListItem","position":3,"item":{"@type":"Thing","@id":"https://www.walmart.com/cp/chips/1001390","name":"Chips"}}]}</script><meta content="15" name="next-head-count"/><link as="style" href="https://i5.wal.co/dfw/63fd9f59-a745/9f24657f-1aa3-4e02-b75b-0963d3d7f75f/v2/en-US/_next/static/css/dfea8540a3113e557506.css-10fe2ea941a73592bfc7c12b4679d81601027c34-br.css" nonce="rO0fwibaC3yR24Ma" rel="preload"/><link data-n-g="" href="https://i5.wal.co/dfw/63fd9f59-a745/9f24657f-1aa3-4e02-b75b-0963d3d7f75f/v2/en-US/_next/static/css/dfea8540a3113e557506.css-10fe2ea941a73592bfc7c12b4679d81601027c34-br.css" nonce="rO0fwibaC3yR24Ma" rel="stylesheet"/><noscript data-n-css="rO0fwibaC3yR24Ma"></noscript><script defer="" nomodule="" nonce="rO0fwibaC3yR24Ma" src="https://i5.wal.co/dfw/63fd9f59-a745/9f24657f-1aa3-4e02-b75b-0963d3d7f75f/v2/en-US/_next/static/chunks/polyfills-22f49077a08c8b727a92.js-6b3f14e2c03c7186835313a34a9cd03c3e5d3f90-br.js"></script><script defer="" nonce="rO0fwibaC3yR24Ma" src="https://i5.wal.co/dfw/63fd9f59-a745/9f24657f-1aa3-4e02-b75b-0963d3d7f75f/v2/en-US/_next/static/chunks/63446.b445a8ae64526eb70887.js-ab2988596ee133e501689ab6df0b9f283308b627-br.js"></script><script defer="" nonce="rO0fwibaC3yR24Ma" src="https://i5.wal.co/dfw/63fd9f59-a745/9f24657f-1aa3-4e02-b75b-0963d3d7f75f/v2/en-US/_next/static/chunks/46445.91369c9efaf8367e00d9.js-3762ee4f07058bfe3e64e104c54dbada3a1c7215-br.js"></script><script defer="" nonce="rO0fwibaC3yR24Ma" src="https://i5.wal.co/dfw/63fd9f59-a745/9f24657f-1aa3-4e02-b75b-0963d3d7f75f/v2/en-US/_next/static/chunks/81410.676fcb04b6578623054b.js-1c582f4c9d7044dae0c942e5c213d98ec77323cb-br.js"></script><script defer="" nonce="rO0fwibaC3yR24Ma" src="https://i5.wal.co/dfw/63fd9f59-a745/9f24657f-1aa3-4e02-b75b-0963d3d7f75f/v2/en-US/_next/static/chunks/35404.d9c1d93b8aa86928893f.js-4056504d23aecb3ec7e9e0e89142b4f6fd5cab22-br.js"></script><script defer="" nonce="rO0fwibaC3yR24Ma" src="https://i5.wal.co/dfw/63fd9f59-a745/9f24657f-1aa3-4e02-b75b-0963d3d7f75f/v2/en-US/_next/static/chunks/49966.2a7dba44eab6209c1f01.js-fe21e6461e09019afde17c3894e2160ae0e0ea4b-br.js"></script><script defer="" nonce="rO0fwibaC3yR24Ma" src="https://i5.wal.co/dfw/63fd9f59-a745/9f24657f-1aa3-4e02-b75b-0963d3d7f75f/v2/en-US/_next/static/chunks/73045.31ea922942b314a3f860.js-ee2a85503827e7242002b470ac2b294a4a0254a9-br.js"></script><script defer="" nonce="rO0fwibaC3yR24Ma" src="https://i5.wal.co/dfw/63fd9f59-a745/9f24657f-1aa3-4e02-b75b-0963d3d7f75f/v2/en-US/_next/static/chunks/1354.91c4186980e12c198521.js-90c085aaad8865890590d9d91ef6b20ad4515b0a-br.js"></script><script defer="" nonce="rO0fwibaC3yR24Ma" src="https://i5.wal.co/dfw/63fd9f59-a745/9f24657f-1aa3-4e02-b75b-0963d3d7f75f/v2/en-US/_next/static/chunks/10306.8fc9e4e65e01624c1fcd.js-44025da970e7daab14f713a6dfaaba4e9bd10866-br.js"></script><script defer="" nonce="rO0fwibaC3yR24Ma" src="https://i5.wal.co/dfw/63fd9f59-a745/9f24657f-1aa3-4e02-b75b-0963d3d7f75f/v2/en-US/_next/static/chunks/1911.d9f8127e03176154f196.js-ddf9b57c23bbc1b5e4dda6090ad16488b35d2b9a-br.js"></script><script defer="" nonce="rO0fwibaC3yR24Ma" src="https://i5.wal.co/dfw/63fd9f59-a745/9f24657f-1aa3-4e02-b75b-0963d3d7f75f/v2/en-US/_next/static/chunks/66092.583c6102c0b3ad7f05bd.js-6306243f213b678d0a10ade0782cc39dceb176e6-br.js"></script><script defer="" nonce="rO0fwibaC3yR24Ma" src="https://i5.wal.co/dfw/63fd9f59-a745/9f24657f-1aa3-4e02-b75b-0963d3d7f75f/v2/en-US/_next/static/chunks/8554-010f2954ea4402e74f6b.js-61cd444979da84c9035127c1ccff29c464268899-br.js"></script><script defer="" nonce="rO0fwibaC3yR24Ma" src="https://i5.wal.co/dfw/63fd9f59-a745/9f24657f-1aa3-4e02-b75b-0963d3d7f75f/v2/en-US/_next/static/chunks/82453.48bda2d5e443adfe5a98.js-027a89a7c4bd8ab3d860e0b2333a160d5acefe56-br.js"></script><script defer="" nonce="rO0fwibaC3yR24Ma" src="https://i5.wal.co/dfw/63fd9f59-a745/9f24657f-1aa3-4e02-b75b-0963d3d7f75f/v2/en-US/_next/static/chunks/25200.37173791ae005b06e2ec.js-3c1738c0d26bfe3137671d8949f7e1ba441a1e2d-br.js"></script><script defer="" nonce="rO0fwibaC3yR24Ma" src="https://i5.wal.co/dfw/63fd9f59-a745/9f24657f-1aa3-4e02-b75b-0963d3d7f75f/v2/en-US/_next/static/chunks/44616.e2e97d91b4998ac4a678.js-e29f8dc359e3e5904cc102bc2b2e0f3e67e60c41-br.js"></script><script defer="" nonce="rO0fwibaC3yR24Ma" src="https://i5.wal.co/dfw/63fd9f59-a745/9f24657f-1aa3-4e02-b75b-0963d3d7f75f/v2/en-US/_next/static/chunks/webpack-358d8e37c3f59b9250c6.js-fe469be3f2b3dfcb4af7dfaef48535c1d7d25716-br.js"></script><script defer="" nonce="rO0fwibaC3yR24Ma" src="https://i5.wal.co/dfw/63fd9f59-a745/9f24657f-1aa3-4e02-b75b-0963d3d7f75f/v2/en-US/_next/static/chunks/main-69568291252d58120936.js-90603ecd0ffafdfe3fa2d0a2d7222954fad12349-br.js"></script><script defer="" nonce="rO0fwibaC3yR24Ma" src="https://i5.wal.co/dfw/63fd9f59-a745/9f24657f-1aa3-4e02-b75b-0963d3d7f75f/v2/en-US/_next/static/chunks/pages/_app-2fd9c0443808238ece3a.js-f111813ac979e69d492a88b1fd513315ecca76ce-br.js"></script><script defer="" nonce="rO0fwibaC3yR24Ma" src="https://i5.wal.co/dfw/63fd9f59-a745/9f24657f-1aa3-4e02-b75b-0963d3d7f75f/v2/en-US/_next/static/chunks/50329-a6eef8d87d6c7e7b8063.js-bb17d3e7c24ff99fe714b33642c514c371d721ec-br.js"></script><script defer="" nonce="rO0fwibaC3yR24Ma" src="https://i5.wal.co/dfw/63fd9f59-a745/9f24657f-1aa3-4e02-b75b-0963d3d7f75f/v2/en-US/_next/static/chunks/42121-9e7148d007f15f7aa0cc.js-506d51ed76d982dc1f3d3c2a7f79aebd28d9b781-br.js"></script><script defer="" nonce="rO0fwibaC3yR24Ma" src="https://i5.wal.co/dfw/63fd9f59-a745/9f24657f-1aa3-4e02-b75b-0963d3d7f75f/v2/en-US/_next/static/chunks/4128-498762b51a3abd1bc7eb.js-db0fd54458df6b2f2f62b136378e8481704f9f17-br.js"></script><script defer="" nonce="rO0fwibaC3yR24Ma" src="https://i5.wal.co/dfw/63fd9f59-a745/9f24657f-1aa3-4e02-b75b-0963d3d7f75f/v2/en-US/_next/static/chunks/54281-f7eebc3a8d6272c28de2.js-942ebe7bdaa7baa7dd033de4c940538381eaaf67-br.js"></script><script defer="" nonce="rO0fwibaC3yR24Ma" src="https://i5.wal.co/dfw/63fd9f59-a745/9f24657f-1aa3-4e02-b75b-0963d3d7f75f/v2/en-US/_next/static/chunks/28399-03615ee86784dd9c7c82.js-4dea429def36ce0e3b12b616d5a572e1ec4af2fe-br.js"></script><script defer="" nonce="rO0fwibaC3yR24Ma" src="https://i5.wal.co/dfw/63fd9f59-a745/9f24657f-1aa3-4e02-b75b-0963d3d7f75f/v2/en-US/_next/static/chunks/32972-4bdf0bbd2a6666b2e358.js-d7203038545c2df7ec29c0120ba5b50c5ed8e747-br.js"></script><script defer="" nonce="rO0fwibaC3yR24Ma" src="https://i5.wal.co/dfw/63fd9f59-a745/9f24657f-1aa3-4e02-b75b-0963d3d7f75f/v2/en-US/_next/static/chunks/1703-3ed2f9abef1d24d5bbeb.js-4ac21a358fa8ce573601345e4b985de9fc3db01b-br.js"></script><script defer="" nonce="rO0fwibaC3yR24Ma" src="https://i5.wal.co/dfw/63fd9f59-a745/9f24657f-1aa3-4e02-b75b-0963d3d7f75f/v2/en-US/_next/static/chunks/25330-82475aea6153902aa640.js-ea11ee0a8817ac069387b9a123946a6b33f42b95-br.js"></script><script defer="" nonce="rO0fwibaC3yR24Ma" src="https://i5.wal.co/dfw/63fd9f59-a745/9f24657f-1aa3-4e02-b75b-0963d3d7f75f/v2/en-US/_next/static/chunks/75282-423249e54a5a1b551140.js-91e1d4dc2fac49c0fc251f8a71b1bf15dcea00ed-br.js"></script><script defer="" nonce="rO0fwibaC3yR24Ma" src="https://i5.wal.co/dfw/63fd9f59-a745/9f24657f-1aa3-4e02-b75b-0963d3d7f75f/v2/en-US/_next/static/chunks/pages/browse/%5B...seo%5D-1c4b136ead344d8f1f14.js-11372db7dca100e3f983864dc27588c07e680ca8-br.js"></script><script defer="" nonce="rO0fwibaC3yR24Ma" src="https://i5.wal.co/dfw/63fd9f59-a745/9f24657f-1aa3-4e02-b75b-0963d3d7f75f/v2/en-US/_next/static/production_20220429T000259073Z-en-US/_buildManifest.js-5caae1cda5b961b44f228b5c33ded84aa90f4581-br.js"></script><script defer="" nonce="rO0fwibaC3yR24Ma" src="https://i5.wal.co/dfw/63fd9f59-a745/9f24657f-1aa3-4e02-b75b-0963d3d7f75f/v2/en-US/_next/static/production_20220429T000259073Z-en-US/_ssgManifest.js-27ec6f2eaf2544fd8b9db0b67a28559ff00a7093-gzip.js"></script><script nonce="rO0fwibaC3yR24Ma">var TBRewriteHostAltWeight = 10.000000;</script><script async="async" defer="defer" nonce="rO0fwibaC3yR24Ma" src="https://i5.wal.co/a14/capabilities.min.js-2dcc7ebc7e7196f449647a3f03c4cec76f3aae99-br.js"></script><script async="" src="https://beacon.walmart.com/rum.js?bh=beacon.lightestwithqm.walmart.com" type="text/javascript"></script><link as="script" href="https://i5.walmartimages.com/dfw/63fd9f59-a745/9f24657f-1aa3-4e02-b75b-0963d3d7f75f/v2/en-US/_next/static/chunks/50329-a6eef8d87d6c7e7b8063.js" rel="prefetch"/><link as="script" href="https://i5.walmartimages.com/dfw/63fd9f59-a745/9f24657f-1aa3-4e02-b75b-0963d3d7f75f/v2/en-US/_next/static/chunks/64831-1aeab1400aa0b2e6d51f.js" rel="prefetch"/><link as="script" href="https://i5.walmartimages.com/dfw/63fd9f59-a745/9f24657f-1aa3-4e02-b75b-0963d3d7f75f/v2/en-US/_next/static/chunks/61930-6d3e58c1cd565301a5b3.js" rel="prefetch"/><link as="script" href="https://i5.walmartimages.com/dfw/63fd9f59-a745/9f24657f-1aa3-4e02-b75b-0963d3d7f75f/v2/en-US/_next/static/chunks/28330-a6f083212c66c616e3ba.js" rel="prefetch"/><link as="script" href="https://i5.walmartimages.com/dfw/63fd9f59-a745/9f24657f-1aa3-4e02-b75b-0963d3d7f75f/v2/en-US/_next/static/chunks/15795-b6989e0b80020fd46445.js" rel="prefetch"/><link as="script" href="https://i5.walmartimages.com/dfw/63fd9f59-a745/9f24657f-1aa3-4e02-b75b-0963d3d7f75f/v2/en-US/_next/static/chunks/40155-2018245085b96614abb7.js" rel="prefetch"/><link as="script" href="https://i5.walmartimages.com/dfw/63fd9f59-a745/9f24657f-1aa3-4e02-b75b-0963d3d7f75f/v2/en-US/_next/static/chunks/29458-5e159c6fa91e1429fefb.js" rel="prefetch"/><link as="script" href="https://i5.walmartimages.com/dfw/63fd9f59-a745/9f24657f-1aa3-4e02-b75b-0963d3d7f75f/v2/en-US/_next/static/chunks/80736-7422691df2fd15a70e6f.js" rel="prefetch"/><link as="script" href="https://i5.walmartimages.com/dfw/63fd9f59-a745/9f24657f-1aa3-4e02-b75b-0963d3d7f75f/v2/en-US/_next/static/chunks/91016-f6e4ac38800c04a6ae45.js" rel="prefetch"/><link as="script" href="https://i5.walmartimages.com/dfw/63fd9f59-a745/9f24657f-1aa3-4e02-b75b-0963d3d7f75f/v2/en-US/_next/static/chunks/54702-ef70286e8513121da245.js" rel="prefetch"/><link as="script" href="https://i5.walmartimages.com/dfw/63fd9f59-a745/9f24657f-1aa3-4e02-b75b-0963d3d7f75f/v2/en-US/_next/static/chunks/62416.e070080991c922d517b8.js" rel="prefetch"/><link as="script" href="https://i5.walmartimages.com/dfw/63fd9f59-a745/9f24657f-1aa3-4e02-b75b-0963d3d7f75f/v2/en-US/_next/static/chunks/67820-a7a5497773b5a2119e50.js" rel="prefetch"/><link as="script" href="https://i5.walmartimages.com/dfw/63fd9f59-a745/9f24657f-1aa3-4e02-b75b-0963d3d7f75f/v2/en-US/_next/static/chunks/61749-d883f1b5c3119324a451.js" rel="prefetch"/><link as="script" href="https://i5.walmartimages.com/dfw/63fd9f59-a745/9f24657f-1aa3-4e02-b75b-0963d3d7f75f/v2/en-US/_next/static/chunks/79930.c95b602e932211a7f2b7.js" rel="prefetch"/><link as="script" href="https://i5.walmartimages.com/dfw/63fd9f59-a745/9f24657f-1aa3-4e02-b75b-0963d3d7f75f/v2/en-US/_next/static/chunks/57932.ae9b01441e6c43799071.js" rel="prefetch"/><link href="https://i5.walmartimages.com/dfw/63fd9f59-a745/9f24657f-1aa3-4e02-b75b-0963d3d7f75f/v2/en-US/_next/static/css/dfea8540a3113e557506.css" rel="stylesheet" type="text/css"/><script async="" src="https://b.wal.co/rum-mappings.js;tq_F3BIb9IQlPI+HLHRntWk3hX8=?bh=beacon.lightestwithqm.walmart.com" type="text/javascript"></script><script async="" defer="" src="https://cdn.quantummetric.com/qscripts/quantum-walmart.js" type="text/javascript"></script><iframe src="https://cdn.quantummetric.com/workers/quantum-walmart-worker.html" style="display: none;"></iframe><iframe style="display: none;"></iframe></head><body><div id="__next"><div class=""><div class="flex flex-column min-vh-100 shadow-2" data-testid="layout-container" style="transform:none;transition:transform .2s"><span class="bg-blue sticky w-100 top-0 z-1" data-testid="global-header"><a class="slider skip-main bg-white-90" href="#maincontent" link-identifier="Generic Name">Skip to Main Content</a><header><div class="center flex items-center justify-center pa4"><a aria-label="Walmart Homepage" class="flex-none mr3" href="/" link-identifier="walmartLogo"><img alt="Walmart" class="db" height="32" loading="lazy" src="//i5.walmartimages.com/dfw/63fd9f59-b3e1/7a569e53-f29a-4c3d-bfaf-6f7a158bfadd/v1/walmartLogo.svg" width="130"/></a><section><div class="relative"><button aria-expanded="false" aria-haspopup="true" class="flex items-center no-underline ph3 white desktop-header-trigger lh-title b pointer ba b--transparent bg-transparent sans-serif" style="border-radius:100px;height:40px;transition:all 100ms cubic-bezier(0.77, 0, 0.175, 1)" type="button"><i aria-hidden="true" class="ld ld-Grid mr2" style="font-size:1rem;vertical-align:-0.175em"></i>Departments</button><div class="absolute bg-white br3 br--bottom left-0 lh-copy mt4 overflow-hidden shadow-1 dn" data-testid="departments-flyout" style="left: 50%; transform: none; margin-left: -135px; max-height: 216px;"><div><div class="flex"><div class="f6 overflow-auto" style="width: 246px; max-height: 216px; height: 100%;"><ul class="list ma0 pa0 pb3 pt4"></ul></div></div></div></div></div></section><section><div class="relative"><button aria-expanded="false" aria-haspopup="true" class="flex items-center no-underline ph3 white desktop-header-trigger lh-title b pointer ba b--transparent bg-transparent sans-serif" style="border-radius:100px;height:40px;transition:all 100ms cubic-bezier(0.77, 0, 0.175, 1)" type="button"><i aria-hidden="true" class="ld ld-Services mr2" style="font-size:1rem;vertical-align:-0.175em"></i>Services</button><div class="absolute bg-white br3 br--bottom left-0 lh-copy mt4 overflow-hidden shadow-1 dn" data-testid="services-flyout" style="left: 50%; transform: none; margin-left: -135px; max-height: 216px;"><div><div class="flex"><div class="f6 overflow-auto" style="width: 246px; max-height: 216px; height: 100%;"><ul class="list ma0 pa0 pb3 pt4"></ul></div></div></div></div></div></section><form action="/search" autocomplete="off" class="flex-auto ml3" role="search"><div class="flex flex-auto items-center relative"><input aria-activedescendant="" aria-label="Search" class="b--none f5 flex-auto lh-solid sans-serif br-pill" name="q" placeholder="Search everything at Walmart online and in store" style="height:40px;padding-left:1rem;padding-right:2.5rem" type="search" value=""/><button aria-hidden="true" aria-label="Clear search field text" class="absolute bn bg-transparent h-100 right-2" style="padding:0 0.75rem;cursor:pointer;opacity:0" tabindex="-1" type="reset"><i class="ld ld-Close" style="font-size:1rem;vertical-align:-0.175em"></i></button><button aria-label="Search icon" class="absolute bn br-100 bg-gold h3 w3" style="right:0.25rem;cursor:pointer"><i aria-hidden="true" class="ld ld-Search absolute" style="font-size:1rem;vertical-align:-0.175em;top:50%;left:50%;transform:translate(-50%, -50%)"></i></button></div></form><div class="ml3 relative"><a aria-expanded="false" aria-haspopup="true" class="flex items-center no-underline ph3 white desktop-header-trigger lh-title lh-solid" href="/my-items" link-identifier="Reorder my items" role="button" style="border-radius:100px;height:40px;transition:all 100ms cubic-bezier(0.77, 0, 0.175, 1)"><i aria-hidden="true" class="ld ld-Reorder" style="font-size:1rem;vertical-align:-0.175em"></i><div class="ml2 nowrap"><div class="f7 lh-title">Reorder</div><div class="b">My Items</div></div></a><div class="absolute bg-white br3 br--bottom left-0 lh-copy mt4 overflow-hidden shadow-1 dn" data-testid="my-items-flyout" style="left:50%;transform:translateX(-50%)"><div class="ph4 pt4 pb2"><a class="dark-gray db f6 no-underline nowrap desktop-header-flyout-link mb3" href="/my-items" link-identifier="Reorder"><i class="ld ld-Reorder mr2" style="font-size:1rem;vertical-align:-0.175em"></i>Reorder</a><a class="dark-gray db f6 no-underline nowrap desktop-header-flyout-link mb3" href="/lists" link-identifier="Lists"><i class="ld ld-Heart mr2" style="font-size:1rem;vertical-align:-0.175em"></i>Lists</a><a class="dark-gray db f6 no-underline nowrap desktop-header-flyout-link mb3" href="/my-registries" link-identifier="Registries"><i class="ld ld-Gift mr2" style="font-size:1rem;vertical-align:-0.175em"></i>Registries</a></div></div></div><div class="relative"><a aria-expanded="false" aria-haspopup="true" class="flex items-center no-underline ph3 white desktop-header-trigger lh-title lh-solid" href="/account/login?vid=oaoh" link-identifier="Account" role="button" style="border-radius:100px;height:40px;transition:all 100ms cubic-bezier(0.77, 0, 0.175, 1)"><i aria-hidden="true" class="ld ld-User" style="font-size:1rem;vertical-align:-0.175em"></i><div class="ml2 nowrap"><div class="f7 mw3 mw4-xl lh-title truncate">Sign In</div><div class="b">Account</div></div></a><div class="absolute bg-white br3 br--bottom left-0 lh-copy mt4 overflow-hidden shadow-1 dn" data-testid="account-flyout" style="left:50%;transform:translateX(-50%)"><div class="pa4"><button class="w_6 w_8 w_AC db mb3 w-100" type="button">Sign In</button><a class="no-underline" href="/account/signup?vid=oaoh" link-identifier="Create an account"><button class="w_6 w_9 w_AC db mb3 w-100" tabindex="-1" type="button">Create an account</button></a><hr aria-hidden="true" class="w_Ah mb3"/><a class="dark-gray db f6 no-underline nowrap desktop-header-flyout-link" href="/orders" link-identifier="Purchase History"><i class="ld ld-Receipt mr2" style="font-size:1rem;vertical-align:-0.175em"></i>Purchase History</a></div></div></div><div class="ml3" style="width:40px"><button aria-label="Cart contains 0 items" class="bn bg-transparent br2 db flex flex-column items-center pa0 pointer relative sans-serif white" id="cart-button-header" type="button"><i class="ld ld-Cart white" style="font-size:1.5rem;vertical-align:-0.25em"></i><span class="w_q w_y w_w absolute" id="cart-badge" style="left: 65%; bottom: 70%; padding: 0px 4px;">0</span><span class="db" style="font-size: 0.625rem;">$0.00</span></button></div></div></header></span><div aria-hidden="false" class="flex flex-column flex-auto relative z-0"><section class="bg-dark-blue white pv1" data-testid="location-banner"><div class="center items-center flex flex-auto ph3 ph4-m" style="line-height:2"><button class="w_6 w_AA w_AC white hover-white pa0 no-underline outline-onfocus" name="select-store-button" tabindex="0" type="button"><i class="ld ld-Store mr2" style="font-size:1rem;vertical-align:-0.175em"></i><span class="f7 f6-m underline pointer">Sacramento Supercenter</span></button><span class="mh2">|</span><button class="w_6 w_AA w_AC white hover-white pa0 no-underline truncate outline-onfocus" name="select-location-button" tabindex="0" type="button"><i class="ld ld-Location mr2" style="font-size:1rem;vertical-align:-0.175em"></i><span class="f7 f6-m underline pointer truncate">Sacramento, 95829</span></button><div class="sub-nav-link-container h3 flex-wrap justify-end cg-2 overflow-hidden flex-auto f6-m b"><a class="white no-underline highlight-focus-hover ph2" href="https://www.walmart.com/cp/1735450" link-identifier="Generic Name">Grocery</a><a class="white no-underline highlight-focus-hover ph2" href="https://www.walmart.com/cp/electronics/3944" link-identifier="Generic Name">Tech</a><a class="white no-underline highlight-focus-hover ph2" href="https://www.walmart.com/cp/clothing/5438" link-identifier="Generic Name">Fashion</a><a class="white no-underline highlight-focus-hover ph2" href="https://www.walmart.com/cp/home/4044" link-identifier="Generic Name">Home</a><a class="white no-underline highlight-focus-hover ph2" href="https://www.walmart.com/shop/all-gifts" link-identifier="Generic Name">Gifts for mom</a><a class="white no-underline highlight-focus-hover ph2" href="https://www.walmart.com/shop/deals" link-identifier="Generic Name">Deals</a><a class="white no-underline highlight-focus-hover ph2" href="https://www.walmart.com/shop/deals/flash-picks" link-identifier="Generic Name">Flash picks</a><a class="white no-underline highlight-focus-hover ph2" href="https://www.walmart.com/plus" link-identifier="Generic Name">Walmart+</a></div></div></section><div class="flex-auto relative z-1"><div class="center mw1280 main-content"><main class="overflow-hidden" data-ads-url="http://swag-wmt.prod.walmart.com/fs?prg=desktop&amp;query=&amp;cat_id=976759_976787_1001390&amp;_be_shelf_id=&amp;facet=&amp;page=1&amp;ps=10&amp;min_price=&amp;max_price=&amp;sort=best_match&amp;ptss=&amp;module_search=&amp;trsp=&amp;zipcode=95829&amp;stores=3081&amp;stateOrProvinceCode=CA&amp;latitude=38.4744&amp;longitude=-121.3437&amp;extended_zipcode=95829&amp;addressId=&amp;inCatchment=true&amp;pickupStore=3081&amp;deliveryStore=3081" data-sis-url="http://preso-usgm-wcnp.prod.walmart.com/v1/search?query=&amp;facet=&amp;stores=3081&amp;cat_id=976759_976787_1001390&amp;sort=best_match&amp;page=1&amp;min_price=&amp;max_price=&amp;_be_shelf_id=&amp;ptss=&amp;trsp=&amp;prg=desktop&amp;stateOrProvinceCode=CA&amp;ps=40&amp;zipcode=95829&amp;module_search=&amp;inCatchment=true&amp;latitude=38.4744&amp;longitude=-121.3437&amp;extended_zipcode=95829&amp;addressId=&amp;hidden_facet=&amp;pickupStore=3081&amp;deliveryStore=3081&amp;translation="><div class="flex flex-column h-100" data-testid="flex-container"><div class="h-100 relative"><div class="flex flex-column h-100" data-testid="flex-container"><div class="h-100 relative"><div class="overflow-x-auto nowrap hidesb hidesb-wk mr3"><nav aria-label="breadcrumb" class="pv3 pl3 ph4-xl"><ol class="w_e"><li class="w_f"><a class="w_h" href="/cp/food/976759" itemprop="item"><span itemprop="name">Food</span></a><span aria-hidden="true" class="w_g">/</span></li><li class="w_f"><a class="w_h" href="/cp/snacks-cookies-chips/976787" itemprop="item"><span itemprop="name">Snacks, Cookies &amp; Chips</span></a><span aria-hidden="true" class="w_g">/</span></li><li class="w_f"><a aria-current="location" class="w_h w_i" href="/cp/chips/1001390" itemprop="item"><span itemprop="name">Chips</span></a></li></ol></nav></div><hr aria-hidden="true" class="w_Ah"/><div class="w_CF pa0" id="BROWSE-SkylineDisplayAd-top"><span data-testid="UnfilledAd"></span></div> <section><div class="dn"><a href="/browse/food/chips/great-value/976759_976787_1001390/YnJhbmQ6R3JlYXQgVmFsdWUie" link-identifier="Generic Name">Great Value</a><a href="/browse/food/chips/lay-s/976759_976787_1001390/YnJhbmQ6TGF5J3Mie" link-identifier="Generic Name">Lay's</a><a href="/browse/food/chips/tostitos/976759_976787_1001390/YnJhbmQ6VG9zdGl0b3Mie" link-identifier="Generic Name">Tostitos</a><a href="/browse/food/chips/cheetos/976759_976787_1001390/YnJhbmQ6Q2hlZXRvcwieie" link-identifier="Generic Name">Cheetos</a><a href="/browse/food/chips/quaker/976759_976787_1001390/YnJhbmQ6UXVha2Vy" link-identifier="Generic Name">Quaker</a><a href="/browse/food/chips/fritos/976759_976787_1001390/YnJhbmQ6RnJpdG9z" link-identifier="Generic Name">Fritos</a><a href="/browse/food/chips/pringles/976759_976787_1001390/YnJhbmQ6UHJpbmdsZXMie" link-identifier="Generic Name">Pringles</a><a href="/browse/food/chips/mac-s/976759_976787_1001390/YnJhbmQ6TWFjJ3Mie" link-identifier="Generic Name">Mac's</a><a href="/browse/food/chips/doritos/976759_976787_1001390/YnJhbmQ6RG9yaXRvcwieie" link-identifier="Generic Name">Doritos</a><a href="/browse/food/chips/frito-lay/976759_976787_1001390/YnJhbmQ6RnJpdG8tTGF5" link-identifier="Generic Name">Frito-Lay</a><a href="/browse/food/chips/ruffles/976759_976787_1001390/YnJhbmQ6UnVmZmxlcwieie" link-identifier="Generic Name">Ruffles</a><a href="/browse/food/chips/smartfood/976759_976787_1001390/YnJhbmQ6U21hcnRmb29k" link-identifier="Generic Name">Smartfood</a><a href="/browse/food/chips/takis/976759_976787_1001390/YnJhbmQ6VGFraXMie" link-identifier="Generic Name">Takis</a><a href="/browse/food/chips/kernel-season-s/976759_976787_1001390/YnJhbmQ6S2VybmVsIFNlYXNvbiidz" link-identifier="Generic Name">Kernel Season's</a><a href="/browse/food/chips/utz/976759_976787_1001390/YnJhbmQ6VXR6" link-identifier="Generic Name">Utz</a><a href="/browse/food/chips/skinnypop/976759_976787_1001390/YnJhbmQ6U2tpbm55UG9w" link-identifier="Generic Name">SkinnyPop</a><a href="/browse/food/chips/popcorners/976759_976787_1001390/YnJhbmQ6UG9wQ29ybmVycwieie" link-identifier="Generic Name">PopCorners</a><a href="/browse/food/chips/orville-redenbacher-s/976759_976787_1001390/YnJhbmQ6T3J2aWxsZSBSZWRlbmJhY2hlciidz" link-identifier="Generic Name">Orville Redenbacher's</a><a href="/browse/food/chips/sunchips/976759_976787_1001390/YnJhbmQ6U3VuQ2hpcHMie" link-identifier="Generic Name">SunChips</a><a href="/browse/food/chips/quest-nutrition/976759_976787_1001390/YnJhbmQ6UXVlc3QgTnV0cml0aW9u" link-identifier="Generic Name">Quest Nutrition</a><a href="/browse/food/chips/simply-/976759_976787_1001390/YnJhbmQ6c2ltcGx5Lii4u" link-identifier="Generic Name">simply...</a><a href="/browse/food/chips/lay-s-stax/976759_976787_1001390/YnJhbmQ6TGF5J3MgU3RheAieie" link-identifier="Generic Name">Lay's Stax</a><a href="/browse/food/chips/funyuns/976759_976787_1001390/YnJhbmQ6RnVueXVucwieie" link-identifier="Generic Name">Funyuns</a><a href="/browse/food/chips/sensible-portions/976759_976787_1001390/YnJhbmQ6U2Vuc2liibGUgUG9ydGlvbnMie" link-identifier="Generic Name">Sensible Portions</a><a href="/browse/food/chips/angie-s/976759_976787_1001390/YnJhbmQ6QW5naWUncwieie" link-identifier="Generic Name">Angie's</a><a href="/browse/food/chips/bugles/976759_976787_1001390/YnJhbmQ6QnVnbGVz" link-identifier="Generic Name">Bugles</a><a href="/browse/food/chips/ocean-s-halo/976759_976787_1001390/YnJhbmQ6T2NlYW4ncyBIYWxv" link-identifier="Generic Name">Ocean's Halo</a><a href="/browse/food/chips/act-ii/976759_976787_1001390/YnJhbmQ6QWN0IElJ" link-identifier="Generic Name">Act II</a><a href="/browse/food/chips/kettle-brand/976759_976787_1001390/YnJhbmQ6S2V0dGxlIEJyYW5k" link-identifier="Generic Name">Kettle Brand</a><a href="/browse/food/chips/old-dutch/976759_976787_1001390/YnJhbmQ6T2xkIER1dGNo" link-identifier="Generic Name">Old Dutch</a><a href="/browse/food/chips/gardetto-s/976759_976787_1001390/YnJhbmQ6R2FyZGV0dG8ncwieie" link-identifier="Generic Name">Gardetto's</a><a href="/browse/food/chips/middleswarth/976759_976787_1001390/YnJhbmQ6TWlkZGxlc3dhcnRo" link-identifier="Generic Name">Middleswarth</a><a href="/browse/food/chips/santitas/976759_976787_1001390/YnJhbmQ6U2FudGl0YXMie" link-identifier="Generic Name">Santitas</a><a href="/browse/food/chips/on-the-border/976759_976787_1001390/YnJhbmQ6T24gVGhlIEJvcmRlcgieie" link-identifier="Generic Name">On The Border</a><a href="/browse/food/chips/pirate-s-booty/976759_976787_1001390/YnJhbmQ6UGlyYXRlJ3MgQm9vdHkie" link-identifier="Generic Name">Pirate's Booty</a><a href="/browse/food/chips/chester-s/976759_976787_1001390/YnJhbmQ6Q2hlc3Rlciidz" link-identifier="Generic Name">Chester's</a><a href="/browse/food/chips/harvest-snaps/976759_976787_1001390/YnJhbmQ6SGFydmVzdCBTbmFwcwieie" link-identifier="Generic Name">Harvest Snaps</a><a href="/browse/food/chips/better-made-special/976759_976787_1001390/YnJhbmQ6QmV0dGVyIE1hZGUgU3BlY2lhbAieie" link-identifier="Generic Name">Better Made Special</a><a href="/browse/food/chips/sabritas/976759_976787_1001390/YnJhbmQ6U2Fiicml0YXMie" link-identifier="Generic Name">Sabritas</a><a href="/browse/food/chips/beanitos/976759_976787_1001390/YnJhbmQ6QmVhbml0b3Mie" link-identifier="Generic Name">Beanitos</a><a href="/browse/food/chips/ritz/976759_976787_1001390/YnJhbmQ6Uml0egieie" link-identifier="Generic Name">Ritz</a><a href="/browse/food/chips/terra/976759_976787_1001390/YnJhbmQ6VGVycmEie" link-identifier="Generic Name">Terra</a><a href="/browse/food/chips/stacy-s/976759_976787_1001390/YnJhbmQ6U3RhY3kncwieie" link-identifier="Generic Name">Stacy's</a><a href="/browse/food/chips/cape-cod/976759_976787_1001390/YnJhbmQ6Q2FwZSBDb2Qie" link-identifier="Generic Name">Cape Cod</a><a href="/browse/food/chips/calidad/976759_976787_1001390/YnJhbmQ6Q2FsaWRhZAieie" link-identifier="Generic Name">Calidad</a><a href="/browse/food/chips/pop-secret/976759_976787_1001390/YnJhbmQ6UG9wIFNlY3JldAieie" link-identifier="Generic Name">Pop Secret</a><a href="/browse/food/chips/baken-ets/976759_976787_1001390/YnJhbmQ6QmFrZW4tRXRz" link-identifier="Generic Name">Baken-Ets</a><a href="/browse/food/chips/off-the-eaten-path/976759_976787_1001390/YnJhbmQ6T2ZmIFRoZSBFYXRlbiiBQYXRo" link-identifier="Generic Name">Off The Eaten Path</a><a href="/browse/food/chips/whisps/976759_976787_1001390/YnJhbmQ6V2hpc3Bz" link-identifier="Generic Name">Whisps</a><a href="/browse/food/chips/snyder-of-berlin/976759_976787_1001390/YnJhbmQ6U255ZGVyIG9mIEJlcmxpbgieie" link-identifier="Generic Name">Snyder of Berlin</a><a href="/browse/food/chips/lundberg-family-farms/976759_976787_1001390/YnJhbmQ6THVuZGJlcmcgRmFtaWx5IEZhcm1z" link-identifier="Generic Name">Lundberg Family Farms</a><a href="/browse/food/chips/herr-s/976759_976787_1001390/YnJhbmQ6SGVyciidz" link-identifier="Generic Name">Herr's</a><a href="/browse/food/chips/boulder-canyon/976759_976787_1001390/YnJhbmQ6Qm91bGRlciiBDYW55b24ie" link-identifier="Generic Name">Boulder Canyon</a><a href="/browse/food/chips/jolly-time/976759_976787_1001390/YnJhbmQ6Sk9MTFkgVElNRQieie" link-identifier="Generic Name">JOLLY TIME</a><a href="/browse/food/chips/rhythm-superfoods/976759_976787_1001390/YnJhbmQ6Umh5dGhtIFN1cGVyZm9vZHMie" link-identifier="Generic Name">Rhythm Superfoods</a><a href="/browse/food/chips/simply7/976759_976787_1001390/YnJhbmQ6U0lNUExZNwieie" link-identifier="Generic Name">SIMPLY7</a><a href="/browse/food/chips/martin-s/976759_976787_1001390/YnJhbmQ6TWFydGluJ3Mie" link-identifier="Generic Name">Martin's</a><a href="/browse/food/chips/siete-family-foods/976759_976787_1001390/YnJhbmQ6U2lldGUgRmFtaWx5IEZvb2Rz" link-identifier="Generic Name">Siete Family Foods</a><a href="/browse/food/chips/ninechef/976759_976787_1001390/YnJhbmQ6TmluZUNoZWYie" link-identifier="Generic Name">NineChef</a><a href="/browse/food/chips/popchips/976759_976787_1001390/YnJhbmQ6cG9wY2hpcHMie" link-identifier="Generic Name">popchips</a><a href="/browse/food/chips/good-health/976759_976787_1001390/YnJhbmQ6R29vZCBIZWFsdGgie" link-identifier="Generic Name">Good Health</a><a href="/browse/food/chips/lesserevil/976759_976787_1001390/YnJhbmQ6TGVzc2VyRXZpbAieie" link-identifier="Generic Name">LesserEvil</a><a href="/browse/food/chips/barnana/976759_976787_1001390/YnJhbmQ6QmFybmFuYQieie" link-identifier="Generic Name">Barnana</a><a href="/browse/food/chips/biena/976759_976787_1001390/YnJhbmQ6QmllbmEie" link-identifier="Generic Name">Biena</a><a href="/browse/food/chips/zapp-s/976759_976787_1001390/YnJhbmQ6WmFwcCdz" link-identifier="Generic Name">Zapp's</a><a href="/browse/food/chips/the-daily-crave/976759_976787_1001390/YnJhbmQ6VGhlIERhaWx5IENyYXZl" link-identifier="Generic Name">The Daily Crave</a><a href="/browse/food/chips/generic/976759_976787_1001390/YnJhbmQ6R2VuZXJpYwieie" link-identifier="Generic Name">Generic</a><a href="/browse/food/chips/hippeas/976759_976787_1001390/YnJhbmQ6SElQUEVBUwieie" link-identifier="Generic Name">HIPPEAS</a><a href="/browse/food/chips/wise/976759_976787_1001390/YnJhbmQ6V2lzZQieie" link-identifier="Generic Name">Wise</a><a href="/browse/food/chips/larissa-veronica/976759_976787_1001390/YnJhbmQ6TGFyaXNzYSBWZXJvbmljYQieie" link-identifier="Generic Name">Larissa Veronica</a><a href="/browse/food/chips/rhythm/976759_976787_1001390/YnJhbmQ6Umh5dGht" link-identifier="Generic Name">Rhythm</a><a href="/browse/food/chips/calbee/976759_976787_1001390/YnJhbmQ6Q2FsYmVl" link-identifier="Generic Name">Calbee</a><a href="/browse/food/chips/garden-of-eatin-/976759_976787_1001390/YnJhbmQ6R2FyZGVuIG9mIEVhdGluJwieie" link-identifier="Generic Name">Garden of Eatin'</a><a href="/browse/food/chips/the-good-crisp-company/976759_976787_1001390/YnJhbmQ6VGhlIEdvb2QgQ3Jpc3AgQ29tcGFueQieie" link-identifier="Generic Name">The Good Crisp Company</a><a href="/browse/food/chips/deep-river-snacks/976759_976787_1001390/YnJhbmQ6RGVlcCBSaXZlciiBTbmFja3Mie" link-identifier="Generic Name">Deep River Snacks</a><a href="/browse/food/chips/tortrix/976759_976787_1001390/YnJhbmQ6VG9yVHJpeAieie" link-identifier="Generic Name">TorTrix</a><a href="/browse/food/chips/trader-joe-s/976759_976787_1001390/YnJhbmQ6VHJhZGVyIEpvZSdz" link-identifier="Generic Name">Trader Joe's</a><a href="/browse/food/chips/goya/976759_976787_1001390/YnJhbmQ6R09ZQQieie" link-identifier="Generic Name">GOYA</a><a href="/browse/food/chips/assortit/976759_976787_1001390/YnJhbmQ6QXNzb3J0aXQie" link-identifier="Generic Name">Assortit</a><a href="/browse/food/chips/bare-snacks/976759_976787_1001390/YnJhbmQ6QmFyZSBTbmFja3Mie" link-identifier="Generic Name">Bare Snacks</a><a href="/browse/food/chips/tgi-fridays/976759_976787_1001390/YnJhbmQ6VEdJIEZyaWRheXMie" link-identifier="Generic Name">TGI Fridays</a><a href="/browse/food/chips/tribeca-curations/976759_976787_1001390/YnJhbmQ6VHJpYmVjYSBDdXJhdGlvbnMie" link-identifier="Generic Name">Tribeca Curations</a><a href="/browse/food/chips/plant-snacks/976759_976787_1001390/YnJhbmQ6UGxhbnQgU25hY2tz" link-identifier="Generic Name">Plant Snacks</a><a href="/browse/food/chips/mccain/976759_976787_1001390/YnJhbmQ6TWNDYWlu" link-identifier="Generic Name">McCain</a><a href="/browse/food/chips/popcorn-indiana/976759_976787_1001390/YnJhbmQ6UG9wY29ybiiwgSW5kaWFuYQieie" link-identifier="Generic Name">Popcorn, Indiana</a><a href="/browse/food/chips/pork-king-good/976759_976787_1001390/YnJhbmQ6UG9yayBLaW5nIEdvb2Qie" link-identifier="Generic Name">Pork King Good</a><a href="/browse/food/chips/sea-snax/976759_976787_1001390/YnJhbmQ6U2VhIFNuYXgie" link-identifier="Generic Name">Sea Snax</a><a href="/browse/food/chips/taali/976759_976787_1001390/YnJhbmQ6VGFhbGkie" link-identifier="Generic Name">Taali</a><a href="/browse/food/chips/kellogg-s/976759_976787_1001390/YnJhbmQ6S2VsbG9nZydz" link-identifier="Generic Name">Kellogg's</a><a href="/browse/food/chips/xochitl/976759_976787_1001390/YnJhbmQ6WG9jaGl0bAieie" link-identifier="Generic Name">Xochitl</a><a href="/browse/food/chips/great-northern-popcorn/976759_976787_1001390/YnJhbmQ6R3JlYXQgTm9ydGhlcm4gUG9wY29ybgieie" link-identifier="Generic Name">Great Northern Popcorn</a><a href="/browse/food/chips/barbara-s/976759_976787_1001390/YnJhbmQ6QmFyYmFyYSdz" link-identifier="Generic Name">Barbara's</a><a href="/browse/food/chips/beanfields/976759_976787_1001390/YnJhbmQ6QmVhbmZpZWxkcwieie" link-identifier="Generic Name">Beanfields</a><a href="/browse/food/chips/vegan-rob-s/976759_976787_1001390/YnJhbmQ6VmVnYW4gUm9iiJ3Mie" link-identifier="Generic Name">Vegan Rob's</a><a href="/browse/food/chips/oasis-snacks/976759_976787_1001390/YnJhbmQ6T2FzaXMgU25hY2tz" link-identifier="Generic Name">Oasis Snacks</a><a href="/browse/food/chips/prodiana/976759_976787_1001390/YnJhbmQ6UHJvZGlhbmEie" link-identifier="Generic Name">Prodiana</a><a href="/browse/food/chips/coming-soon/976759_976787_1001390/YnJhbmQ6Y29taW5nIHNvb24ie" link-identifier="Generic Name">coming soon</a><a href="/browse/food/chips/hilo/976759_976787_1001390/YnJhbmQ6SGlsbwieie" link-identifier="Generic Name">Hilo</a><a href="/browse/food/chips/cheez-it/976759_976787_1001390/YnJhbmQ6Q2hlZXotSXQie" link-identifier="Generic Name">Cheez-It</a><a href="/browse/food/chips/hr-haldiram-s/976759_976787_1001390/YnJhbmQ6SFIgSGFsZGlyYW0ncwieie" link-identifier="Generic Name">HR Haldiram's</a><a href="/browse/food/chips/popcornopolis/976759_976787_1001390/YnJhbmQ6UG9wY29ybm9wb2xpcwieie" link-identifier="Generic Name">Popcornopolis</a><a href="/browse/food/chips/golden-flake/976759_976787_1001390/YnJhbmQ6R29sZGVuIEZsYWtl" link-identifier="Generic Name">Golden Flake</a><a href="/browse/food/chips/twin-peaks-ingredients/976759_976787_1001390/YnJhbmQ6VHdpbiiBQZWFrcyBJbmdyZWRpZW50cwieie" link-identifier="Generic Name">Twin Peaks Ingredients</a><a href="/browse/food/chips/hal-s-new-york/976759_976787_1001390/YnJhbmQ6SGFsJ3MgTmV3IFlvcmsie" link-identifier="Generic Name">Hal's New York</a><a href="/browse/food/chips/just-popped/976759_976787_1001390/YnJhbmQ6SnVzdCBQb3BwZWQie" link-identifier="Generic Name">Just Popped</a><a href="/browse/food/chips/kibo-foods/976759_976787_1001390/YnJhbmQ6S2liibyBGb29kcwieie" link-identifier="Generic Name">Kibo Foods</a><a href="/browse/food/chips/lieber-s/976759_976787_1001390/YnJhbmQ6TGllYmVyJ3Mie" link-identifier="Generic Name">Lieber's</a><a href="/browse/food/chips/miss-vickie-s/976759_976787_1001390/YnJhbmQ6TWlzcyBWaWNraWUncwieie" link-identifier="Generic Name">Miss Vickie's</a><a href="/browse/food/chips/pipcorn/976759_976787_1001390/YnJhbmQ6UGlwY29ybgieie" link-identifier="Generic Name">Pipcorn</a><a href="/browse/food/chips/angie-s-boomchickapop/976759_976787_1001390/YnJhbmQ6QW5naWUncyBCT09NQ0hJQ0tBUE9Q" link-identifier="Generic Name">Angie's BOOMCHICKAPOP</a><a href="/browse/food/chips/california-gold-nutrition/976759_976787_1001390/YnJhbmQ6Q2FsaWZvcm5pYSBHb2xkIE51dHJpdGlvbgieie" link-identifier="Generic Name">California Gold Nutrition</a><a href="/browse/food/chips/dirty/976759_976787_1001390/YnJhbmQ6RGlydHkie" link-identifier="Generic Name">Dirty</a><a href="/browse/food/chips/epic/976759_976787_1001390/YnJhbmQ6RVBJQwieie" link-identifier="Generic Name">EPIC</a><a href="/browse/food/chips/generated/976759_976787_1001390/YnJhbmQ6R2VuZXJhdGVk" link-identifier="Generic Name">Generated</a><a href="/browse/food/chips/jody-s-gourmet-popcorn/976759_976787_1001390/YnJhbmQ6Sm9keSdzIEdvdXJtZXQgUG9wY29ybgieie" link-identifier="Generic Name">Jody's Gourmet Popcorn</a><a href="/browse/food/chips/pirate-brands/976759_976787_1001390/YnJhbmQ6UGlyYXRlIEJyYW5kcwieie" link-identifier="Generic Name">Pirate Brands</a><a href="/browse/food/chips/terra-chips/976759_976787_1001390/YnJhbmQ6VGVycmEgQ2hpcHMie" link-identifier="Generic Name">Terra Chips</a><a href="/browse/food/chips/food-to-live/976759_976787_1001390/YnJhbmQ6Rm9vZCB0byBMaXZl" link-identifier="Generic Name">Food to Live</a><a href="/browse/food/chips/moon-cheese/976759_976787_1001390/YnJhbmQ6TW9vbiiBDaGVlc2Uie" link-identifier="Generic Name">Moon Cheese</a><a href="/browse/food/chips/4505-meats/976759_976787_1001390/YnJhbmQ6NDUwNSBNRUFUUwieie" link-identifier="Generic Name">4505 MEATS</a><a href="/browse/food/chips/late-july/976759_976787_1001390/YnJhbmQ6TGF0ZSBKdWx5" link-identifier="Generic Name">Late July</a><a href="/browse/food/chips/saffron-road/976759_976787_1001390/YnJhbmQ6U2FmZnJvbiiBSb2Fk" link-identifier="Generic Name">Saffron Road</a><a href="/browse/food/chips/thatcher-s/976759_976787_1001390/YnJhbmQ6VGhhdGNoZXIncwieie" link-identifier="Generic Name">Thatcher's</a><a href="/browse/food/chips/way-better-snacks/976759_976787_1001390/YnJhbmQ6V2F5IEJldHRlciiBTbmFja3Mie" link-identifier="Generic Name">Way Better Snacks</a><a href="/browse/food/chips/enjoy-life/976759_976787_1001390/YnJhbmQ6RW5qb3kgTGlmZQieie" link-identifier="Generic Name">Enjoy Life</a><a href="/browse/food/chips/g-h-cretors/976759_976787_1001390/YnJhbmQ6Ry5ILiiBDcmV0b3Jz" link-identifier="Generic Name">G.H. Cretors</a><a href="/browse/food/chips/it-s-delish/976759_976787_1001390/YnJhbmQ6SXQncyBEZWxpc2gie" link-identifier="Generic Name">It's Delish</a><a href="/browse/food/chips/pigout-roasters/976759_976787_1001390/YnJhbmQ6UGlnT3V0IFJvYXN0ZXJz" link-identifier="Generic Name">PigOut Roasters</a><a href="/browse/food/chips/planters/976759_976787_1001390/YnJhbmQ6UGxhbnRlcnMie" link-identifier="Generic Name">Planters</a><a href="/browse/food/chips/barcel/976759_976787_1001390/YnJhbmQ6QmFyY2Vs" link-identifier="Generic Name">Barcel</a><a href="/browse/food/chips/chifles/976759_976787_1001390/YnJhbmQ6Q2hpZmxlcwieie" link-identifier="Generic Name">Chifles</a><a href="/browse/food/chips/crunchsters/976759_976787_1001390/YnJhbmQ6Q3J1bmNoc3RlcnMie" link-identifier="Generic Name">Crunchsters</a><a href="/browse/food/chips/iberia/976759_976787_1001390/YnJhbmQ6SWJlcmlh" link-identifier="Generic Name">Iberia</a><a href="/browse/food/chips/new-york-style/976759_976787_1001390/YnJhbmQ6TmV3IFlvcmsgU3R5bGUie" link-identifier="Generic Name">New York Style</a><a href="/browse/food/chips/paqui/976759_976787_1001390/YnJhbmQ6UGFxdWkie" link-identifier="Generic Name">Paqui</a><a href="/browse/food/chips/amish-country-popcorn/976759_976787_1001390/YnJhbmQ6QW1pc2ggQ291bnRyeSBQb3Bjb3Ju" link-identifier="Generic Name">Amish Country Popcorn</a><a href="/browse/food/chips/from-the-ground-up/976759_976787_1001390/YnJhbmQ6RnJvbSBUaGUgR3JvdW5kIFVw" link-identifier="Generic Name">From The Ground Up</a><a href="/browse/food/chips/grippo-s/976759_976787_1001390/YnJhbmQ6R3JpcHBvJ3Mie" link-identifier="Generic Name">Grippo's</a><a href="/browse/food/chips/love-corn/976759_976787_1001390/YnJhbmQ6TG92ZSBDb3Ju" link-identifier="Generic Name">Love Corn</a><a href="/browse/food/chips/quinn/976759_976787_1001390/YnJhbmQ6UXVpbm4ie" link-identifier="Generic Name">Quinn</a><a href="/browse/food/chips/simplot/976759_976787_1001390/YnJhbmQ6U2ltcGxvdAieie" link-identifier="Generic Name">Simplot</a><a href="/browse/food/chips/amma-s-kitchen/976759_976787_1001390/YnJhbmQ6QW1tYSdzIEtpdGNoZW4ie" link-identifier="Generic Name">Amma's Kitchen</a><a href="/browse/food/chips/artisan-tropic/976759_976787_1001390/YnJhbmQ6QXJ0aXNhbiiBUcm9waWMie" link-identifier="Generic Name">Artisan Tropic</a><a href="/browse/food/chips/corn-nuts/976759_976787_1001390/YnJhbmQ6Q29ybiiBOdXRz" link-identifier="Generic Name">Corn Nuts</a><a href="/browse/food/chips/golden-flavor/976759_976787_1001390/YnJhbmQ6R29sZGVuIEZsYXZvcgieie" link-identifier="Generic Name">Golden Flavor</a><a href="/browse/food/chips/osem/976759_976787_1001390/YnJhbmQ6T3NlbQieie" link-identifier="Generic Name">Osem</a><a href="/browse/food/chips/parmcrisps/976759_976787_1001390/YnJhbmQ6UGFybUNyaXNwcwieie" link-identifier="Generic Name">ParmCrisps</a><a href="/browse/food/chips/sunshine-crackers/976759_976787_1001390/YnJhbmQ6U3Vuc2hpbmUgQ3JhY2tlcnMie" link-identifier="Generic Name">Sunshine Crackers</a><a href="/browse/food/chips/superior-nut-company/976759_976787_1001390/YnJhbmQ6U3VwZXJpb3IgTnV0IENvbXBhbnkie" link-identifier="Generic Name">Superior Nut Company</a><a href="/browse/food/chips/wincrest-bulk-foods/976759_976787_1001390/YnJhbmQ6V2luY3Jlc3QgQnVsayBGb29kcwieie" link-identifier="Generic Name">Wincrest Bulk Foods</a><a href="/browse/food/chips/hilo-life/976759_976787_1001390/YnJhbmQ6SGlsbyBMaWZl" link-identifier="Generic Name">Hilo Life</a><a href="/browse/food/chips/mission/976759_976787_1001390/YnJhbmQ6TUlTU0lPTgieie" link-identifier="Generic Name">MISSION</a><a href="/browse/food/chips/p-nuff-crunch/976759_976787_1001390/YnJhbmQ6UC1udWZmIENydW5jaAieie" link-identifier="Generic Name">P-nuff Crunch</a><a href="/browse/food/chips/quinn-snacks/976759_976787_1001390/YnJhbmQ6UXVpbm4gU25hY2tz" link-identifier="Generic Name">Quinn Snacks</a><a href="/browse/food/chips/the-good-bean/976759_976787_1001390/YnJhbmQ6VGhlIEdvb2QgQmVhbgieie" link-identifier="Generic Name">The Good Bean</a><a href="/browse/food/chips/dang/976759_976787_1001390/YnJhbmQ6RGFuZwieie" link-identifier="Generic Name">Dang</a><a href="/browse/food/chips/garvi-gujarat/976759_976787_1001390/YnJhbmQ6R2FydmkgR3VqYXJhdAieie" link-identifier="Generic Name">Garvi Gujarat</a><a href="/browse/food/chips/kernel-pops-gourmet-popcorn/976759_976787_1001390/YnJhbmQ6S2VybmVsIFBvcHMgR291cm1ldCBQb3Bjb3Ju" link-identifier="Generic Name">Kernel Pops Gourmet Popcorn</a><a href="/browse/food/chips/orchard-valley-harvest/976759_976787_1001390/YnJhbmQ6T3JjaGFyZCBWYWxsZXkgSGFydmVzdAieie" link-identifier="Generic Name">Orchard Valley Harvest</a><a href="/browse/food/chips/orion/976759_976787_1001390/YnJhbmQ6T3Jpb24ie" link-identifier="Generic Name">Orion</a><a href="/browse/food/chips/wise-snacks/976759_976787_1001390/YnJhbmQ6V2lzZSBTbmFja3Mie" link-identifier="Generic Name">Wise Snacks</a><a href="/browse/food/chips/unknown/976759_976787_1001390/YnJhbmQ6dW5rbm93bgieie" link-identifier="Generic Name">unknown</a><a href="/browse/food/chips/ass-kickin-/976759_976787_1001390/YnJhbmQ6QXNzIEtpY2tpbiicie" link-identifier="Generic Name">Ass Kickin'</a><a href="/browse/food/chips/bada-bean-bada-boom/976759_976787_1001390/YnJhbmQ6QmFkYSBCZWFuIEJhZGEgQm9vbQieie" link-identifier="Generic Name">Bada Bean Bada Boom</a><a href="/browse/food/chips/ballreich-s/976759_976787_1001390/YnJhbmQ6QmFsbHJlaWNoJ3Mie" link-identifier="Generic Name">Ballreich's</a><a href="/browse/food/chips/black-jewell/976759_976787_1001390/YnJhbmQ6QmxhY2sgSmV3ZWxs" link-identifier="Generic Name">Black Jewell</a><a href="/browse/food/chips/lorenz/976759_976787_1001390/YnJhbmQ6TG9yZW56" link-identifier="Generic Name">Lorenz</a><a href="/browse/food/chips/made-in-nature/976759_976787_1001390/YnJhbmQ6TWFkZSBJbiiBOYXR1cmUie" link-identifier="Generic Name">Made In Nature</a><a href="/browse/food/chips/quest-boards/976759_976787_1001390/YnJhbmQ6UXVlc3QgQm9hcmRz" link-identifier="Generic Name">Quest Boards</a><a href="/browse/food/chips/tiny-but-mighty/976759_976787_1001390/YnJhbmQ6VGlueSBCdXQgTWlnaHR5" link-identifier="Generic Name">Tiny But Mighty</a><a href="/browse/food/chips/7days/976759_976787_1001390/YnJhbmQ6N0RBWVMie" link-identifier="Generic Name">7DAYS</a><a href="/browse/food/chips/anand/976759_976787_1001390/YnJhbmQ6QW5hbmQie" link-identifier="Generic Name">Anand</a><a href="/browse/food/chips/arrowhead-mills/976759_976787_1001390/YnJhbmQ6QXJyb3doZWFkIE1pbGxz" link-identifier="Generic Name">Arrowhead Mills</a><a href="/browse/food/chips/baked-in-brooklyn/976759_976787_1001390/YnJhbmQ6QmFrZWQgaW4gQnJvb2tseW4ie" link-identifier="Generic Name">Baked in Brooklyn</a><a href="/browse/food/chips/bariatricpal/976759_976787_1001390/YnJhbmQ6QmFyaWF0cmljcGFs" link-identifier="Generic Name">Bariatricpal</a><a href="/browse/food/chips/brothers-all-natural/976759_976787_1001390/YnJhbmQ6QnJvdGhlcnMgQWxsIE5hdHVyYWwie" link-identifier="Generic Name">Brothers All Natural</a><a href="/browse/food/chips/chips/976759_976787_1001390/YnJhbmQ6Q2hpcHMie" link-identifier="Generic Name">Chips</a><a href="/browse/food/chips/craize/976759_976787_1001390/YnJhbmQ6Q3JhaXpl" link-identifier="Generic Name">Craize</a><a href="/browse/food/chips/dieffenbach-s/976759_976787_1001390/YnJhbmQ6RGllZmZlbmJhY2gncwieie" link-identifier="Generic Name">Dieffenbach's</a><a href="/browse/food/chips/french-s/976759_976787_1001390/YnJhbmQ6RnJlbmNoJ3Mie" link-identifier="Generic Name">French's</a><a href="/browse/food/chips/fun-fair-treats/976759_976787_1001390/YnJhbmQ6RnVuIEZhaXIgVHJlYXRz" link-identifier="Generic Name">Fun Fair Treats</a><a href="/browse/food/chips/fusion-select/976759_976787_1001390/YnJhbmQ6RnVzaW9uIFNlbGVjdAieie" link-identifier="Generic Name">Fusion Select</a><a href="/browse/food/chips/gold-medal/976759_976787_1001390/YnJhbmQ6R29sZCBNZWRhbAieie" link-identifier="Generic Name">Gold Medal</a><a href="/browse/food/chips/jacobs/976759_976787_1001390/YnJhbmQ6SmFjb2Jz" link-identifier="Generic Name">Jacobs</a><a href="/browse/food/chips/just-the-cheese/976759_976787_1001390/YnJhbmQ6SnVzdCBUaGUgQ2hlZXNl" link-identifier="Generic Name">Just The Cheese</a><a href="/browse/food/chips/martin-s-potato-chips/976759_976787_1001390/YnJhbmQ6TWFydGluJ3MgUG90YXRvIENoaXBz" link-identifier="Generic Name">Martin's Potato Chips</a><a href="/browse/food/chips/nongshim/976759_976787_1001390/YnJhbmQ6Tm9uZ3NoaW0ie" link-identifier="Generic Name">Nongshim</a><a href="/browse/food/chips/potato/976759_976787_1001390/YnJhbmQ6UE9UQVRP" link-identifier="Generic Name">POTATO</a><a href="/browse/food/chips/th-foods/976759_976787_1001390/YnJhbmQ6VGggRm9vZHMie" link-identifier="Generic Name">Th Foods</a><a href="/browse/food/chips/andy-capp-s/976759_976787_1001390/YnJhbmQ6QW5keSBDYXBwJ3Mie" link-identifier="Generic Name">Andy Capp's</a><a href="/browse/food/chips/annie-s/976759_976787_1001390/YnJhbmQ6QW5uaWUncwieie" link-identifier="Generic Name">Annie's</a><a href="/browse/food/chips/bergin-fruit-and-nut-company/976759_976787_1001390/YnJhbmQ6QmVyZ2luIEZydWl0IGFuZCBOdXQgQ29tcGFueQieie" link-identifier="Generic Name">Bergin Fruit and Nut Company</a><a href="/browse/food/chips/dolfin/976759_976787_1001390/YnJhbmQ6RG9sZmlu" link-identifier="Generic Name">Dolfin</a><a href="/browse/food/chips/donkey-chips/976759_976787_1001390/YnJhbmQ6RG9ua2V5IENoaXBz" link-identifier="Generic Name">Donkey Chips</a><a href="/browse/food/chips/gefen/976759_976787_1001390/YnJhbmQ6R2VmZW4ie" link-identifier="Generic Name">Gefen</a><a href="/browse/food/chips/general-mills/976759_976787_1001390/YnJhbmQ6R2VuZXJhbCBNaWxscwieie" link-identifier="Generic Name">General Mills</a><a href="/browse/food/chips/good-health-inc/976759_976787_1001390/YnJhbmQ6R29vZCBIZWFsdGggSW5j" link-identifier="Generic Name">Good Health Inc</a><a href="/browse/food/chips/great-lakes/976759_976787_1001390/YnJhbmQ6R3JlYXQgTGFrZXMie" link-identifier="Generic Name">Great Lakes</a><a href="/browse/food/chips/jays/976759_976787_1001390/YnJhbmQ6SmF5cwieie" link-identifier="Generic Name">Jays</a><a href="/browse/food/chips/ka-pop-/976759_976787_1001390/YnJhbmQ6S2EtUG9wIQieie" link-identifier="Generic Name">Ka-Pop!</a><a href="/browse/food/chips/landau/976759_976787_1001390/YnJhbmQ6TGFuZGF1" link-identifier="Generic Name">Landau</a><a href="/browse/food/chips/perfection-snacks/976759_976787_1001390/YnJhbmQ6UGVyZmVjdGlvbiiBTbmFja3Mie" link-identifier="Generic Name">Perfection Snacks</a><a href="/browse/food/chips/poppington-s/976759_976787_1001390/YnJhbmQ6UG9wcGluZ3Rvbiidz" link-identifier="Generic Name">Poppington's</a><a href="/browse/food/chips/real-foods/976759_976787_1001390/YnJhbmQ6UmVhbCBGb29kcwieie" link-identifier="Generic Name">Real Foods</a><a href="/browse/food/chips/snacklins/976759_976787_1001390/YnJhbmQ6U25hY2tsaW5z" link-identifier="Generic Name">Snacklins</a><a href="/browse/food/chips/spudlove/976759_976787_1001390/YnJhbmQ6U3B1ZExvdmUie" link-identifier="Generic Name">SpudLove</a><a href="/browse/food/chips/the-better-chip/976759_976787_1001390/YnJhbmQ6VGhlIEJldHRlciiBDaGlw" link-identifier="Generic Name">The Better Chip</a><a href="/browse/food/chips/tom-s/976759_976787_1001390/YnJhbmQ6VG9tJ3Mie" link-identifier="Generic Name">Tom's</a><a href="/browse/food/chips/vegetable/976759_976787_1001390/YnJhbmQ6VmVnZXRhYmxl" link-identifier="Generic Name">Vegetable</a><a href="/browse/food/chips/4505/976759_976787_1001390/YnJhbmQ6NDUwNQieie" link-identifier="Generic Name">4505</a><a href="/browse/food/chips/commodity-popcorn/976759_976787_1001390/YnJhbmQ6Q29tbW9kaXR5IFBvcGNvcm4ie" link-identifier="Generic Name">Commodity Popcorn</a><a href="/browse/food/chips/conn-s/976759_976787_1001390/YnJhbmQ6Q29ubiidz" link-identifier="Generic Name">Conn's</a><a href="/browse/food/chips/cousin-willie-s/976759_976787_1001390/YnJhbmQ6Q291c2luIFdpbGxpZSdz" link-identifier="Generic Name">Cousin Willie's</a><a href="/browse/food/chips/drizzilicious/976759_976787_1001390/YnJhbmQ6RHJpenppbGljaW91cwieie" link-identifier="Generic Name">Drizzilicious</a><a href="/browse/food/chips/el-sabroso/976759_976787_1001390/YnJhbmQ6RWwgU2Fiicm9zbwieie" link-identifier="Generic Name">El Sabroso</a><a href="/browse/food/chips/flamous/976759_976787_1001390/YnJhbmQ6RmxhbW91cwieie" link-identifier="Generic Name">Flamous</a><a href="/browse/food/chips/fresh-gourmet/976759_976787_1001390/YnJhbmQ6RnJlc2ggR291cm1ldAieie" link-identifier="Generic Name">Fresh Gourmet</a><a href="/browse/food/chips/galil/976759_976787_1001390/YnJhbmQ6R2FsaWwie" link-identifier="Generic Name">Galil</a><a href="/browse/food/chips/jabsons/976759_976787_1001390/YnJhbmQ6SmFiic29ucwieie" link-identifier="Generic Name">Jabsons</a><a href="/browse/food/chips/lc-foods/976759_976787_1001390/YnJhbmQ6TEMgRm9vZHMie" link-identifier="Generic Name">LC Foods</a><a href="/browse/food/chips/maui-style/976759_976787_1001390/YnJhbmQ6TWF1aSBTdHlsZQieie" link-identifier="Generic Name">Maui Style</a><a href="/browse/food/chips/mi-nina/976759_976787_1001390/YnJhbmQ6TWkgTmluYQieie" link-identifier="Generic Name">Mi Nina</a><a href="/browse/food/chips/now/976759_976787_1001390/YnJhbmQ6Tk9X" link-identifier="Generic Name">NOW</a><a href="/browse/food/chips/pop-zero/976759_976787_1001390/YnJhbmQ6UG9wIFplcm8ie" link-identifier="Generic Name">Pop Zero</a><a href="/browse/food/chips/popcorn/976759_976787_1001390/YnJhbmQ6UG9wY29ybgieie" link-identifier="Generic Name">Popcorn</a><a href="/browse/food/chips/rgsb/976759_976787_1001390/YnJhbmQ6UkdTQgieie" link-identifier="Generic Name">RGSB</a><a href="/browse/food/chips/rind-snacks/976759_976787_1001390/YnJhbmQ6UklORCBTbmFja3Mie" link-identifier="Generic Name">RIND Snacks</a><a href="/browse/food/chips/snack-box/976759_976787_1001390/YnJhbmQ6U25hY2sgQm94" link-identifier="Generic Name">Snack Box</a><a href="/browse/food/chips/snappy-popcorn/976759_976787_1001390/YnJhbmQ6U25hcHB5IFBvcGNvcm4ie" link-identifier="Generic Name">Snappy Popcorn</a><a href="/browse/food/chips/sun-tropics/976759_976787_1001390/YnJhbmQ6U3VuIFRyb3BpY3Mie" link-identifier="Generic Name">Sun Tropics</a><a href="/browse/food/chips/suncore-foods/976759_976787_1001390/YnJhbmQ6U3VuY29yZSBGb29kcwieie" link-identifier="Generic Name">Suncore Foods</a><a href="/browse/food/chips/troyer-farms/976759_976787_1001390/YnJhbmQ6VFJPWUVSIEZBUk1T" link-identifier="Generic Name">TROYER FARMS</a><a href="/browse/food/chips/the-only-bean/976759_976787_1001390/YnJhbmQ6VGhlIE9ubHkgQmVhbgieie" link-identifier="Generic Name">The Only Bean</a><a href="/browse/food/chips/ww/976759_976787_1001390/YnJhbmQ6V1cie" link-identifier="Generic Name">WW</a><a href="/browse/food/chips/wabash-valley-farms/976759_976787_1001390/YnJhbmQ6V2FiiYXNoIFZhbGxleSBGYXJtcwieie" link-identifier="Generic Name">Wabash Valley Farms</a><a href="/browse/food/chips/wellsley-farms/976759_976787_1001390/YnJhbmQ6V2VsbHNsZXkgRmFybXMie" link-identifier="Generic Name">Wellsley Farms</a><a href="/browse/food/chips/wonderslim/976759_976787_1001390/YnJhbmQ6V29uZGVyU2xpbQieie" link-identifier="Generic Name">WonderSlim</a><a href="/browse/food/chips/yankeetraders/976759_976787_1001390/YnJhbmQ6WUFOS0VFVFJBREVSUwieie" link-identifier="Generic Name">YANKEETRADERS</a><a href="/browse/food/chips/gimme/976759_976787_1001390/YnJhbmQ6Z2ltTWUie" link-identifier="Generic Name">gimMe</a><a href="/browse/food/chips/annie-chun-s/976759_976787_1001390/YnJhbmQ6QW5uaWUgQ2h1biidz" link-identifier="Generic Name">Annie Chun's</a><a href="/browse/food/chips/avlis-co/976759_976787_1001390/YnJhbmQ6QXZsaXMtY28ie" link-identifier="Generic Name">Avlis-co</a><a href="/browse/food/chips/brad-s-plant-based/976759_976787_1001390/YnJhbmQ6QnJhZCdzIFBsYW50IEJhc2Vk" link-identifier="Generic Name">Brad's Plant Based</a><a href="/browse/food/chips/cakes/976759_976787_1001390/YnJhbmQ6Q2FrZXMie" link-identifier="Generic Name">Cakes</a><a href="/browse/food/chips/carolina-kettle/976759_976787_1001390/YnJhbmQ6Q2Fyb2xpbmEgS2V0dGxl" link-identifier="Generic Name">Carolina Kettle</a><a href="/browse/food/chips/crunch-n-munch/976759_976787_1001390/YnJhbmQ6Q3J1bmNoICduIE11bmNo" link-identifier="Generic Name">Crunch 'n Munch</a><a href="/browse/food/chips/edward-sons/976759_976787_1001390/YnJhbmQ6RWR3YXJkICYgU29ucwieie" link-identifier="Generic Name">Edward &amp; Sons</a><a href="/browse/food/chips/element/976759_976787_1001390/YnJhbmQ6RWxlbWVudAieie" link-identifier="Generic Name">Element</a><a href="/browse/food/chips/elmer-s/976759_976787_1001390/YnJhbmQ6RWxtZXIncwieie" link-identifier="Generic Name">Elmer's</a><a href="/browse/food/chips/flock/976759_976787_1001390/YnJhbmQ6RkxPQ0sie" link-identifier="Generic Name">FLOCK</a><a href="/browse/food/chips/galil-foods/976759_976787_1001390/YnJhbmQ6R2FsaWwgRm9vZHMie" link-identifier="Generic Name">Galil Foods</a><a href="/browse/food/chips/gembos/976759_976787_1001390/YnJhbmQ6R2VtYm9z" link-identifier="Generic Name">Gembos</a><a href="/browse/food/chips/genius-gourmet/976759_976787_1001390/YnJhbmQ6R2VuaXVzIEdvdXJtZXQie" link-identifier="Generic Name">Genius Gourmet</a><a href="/browse/food/chips/hain-celestial/976759_976787_1001390/YnJhbmQ6SGFpbiiBDZWxlc3RpYWwie" link-identifier="Generic Name">Hain Celestial</a><a href="/browse/food/chips/hippie-snacks/976759_976787_1001390/YnJhbmQ6SGlwcGllIFNuYWNrcwieie" link-identifier="Generic Name">Hippie Snacks</a><a href="/browse/food/chips/humpty-dumpty/976759_976787_1001390/YnJhbmQ6SHVtcHR5IER1bXB0eQieie" link-identifier="Generic Name">Humpty Dumpty</a><a href="/browse/food/chips/iwon-organics/976759_976787_1001390/YnJhbmQ6SVdPTiiBvcmdhbmljcwieie" link-identifier="Generic Name">IWON organics</a><a href="/browse/food/chips/jojocornershop/976759_976787_1001390/YnJhbmQ6Sm9qb2Nvcm5lcnNob3Aie" link-identifier="Generic Name">Jojocornershop</a><a href="/browse/food/chips/kirkland-signature/976759_976787_1001390/YnJhbmQ6S2lya2xhbmQgU2lnbmF0dXJl" link-identifier="Generic Name">Kirkland Signature</a><a href="/browse/food/chips/live-love-pop/976759_976787_1001390/YnJhbmQ6TGl2ZSBMb3ZlIFBvcAieie" link-identifier="Generic Name">Live Love Pop</a><a href="/browse/food/chips/mt44/976759_976787_1001390/YnJhbmQ6TVQ0NAieie" link-identifier="Generic Name">MT44</a><a href="/browse/food/chips/mw-polar/976759_976787_1001390/YnJhbmQ6TVcgUG9sYXIie" link-identifier="Generic Name">MW Polar</a><a href="/browse/food/chips/mambi/976759_976787_1001390/YnJhbmQ6TWFtYmkie" link-identifier="Generic Name">Mambi</a><a href="/browse/food/chips/multipack/976759_976787_1001390/YnJhbmQ6TXVsdGlwYWNr" link-identifier="Generic Name">Multipack</a><a href="/browse/food/chips/outstanding-foods/976759_976787_1001390/YnJhbmQ6T3V0c3RhbmRpbmcgRm9vZHMie" link-identifier="Generic Name">Outstanding Foods</a><a href="/browse/food/chips/puffworks/976759_976787_1001390/YnJhbmQ6UHVmZndvcmtz" link-identifier="Generic Name">Puffworks</a><a href="/browse/food/chips/quevos/976759_976787_1001390/YnJhbmQ6UXVldm9z" link-identifier="Generic Name">Quevos</a><a href="/browse/food/chips/ranch-rewards/976759_976787_1001390/YnJhbmQ6UmFuY2ggUmV3YXJkcwieie" link-identifier="Generic Name">Ranch Rewards</a><a href="/browse/food/chips/regenie-s/976759_976787_1001390/YnJhbmQ6UmVnZW5pZSdz" link-identifier="Generic Name">Regenie's</a><a href="/browse/food/chips/roast-foods/976759_976787_1001390/YnJhbmQ6Um9hc3QgRm9vZHMie" link-identifier="Generic Name">Roast Foods</a><a href="/browse/food/chips/seneca-foods/976759_976787_1001390/YnJhbmQ6U2VuZWNhIEZvb2Rz" link-identifier="Generic Name">Seneca Foods</a><a href="/browse/food/chips/snak-club/976759_976787_1001390/YnJhbmQ6U25hayBDbHVii" link-identifier="Generic Name">Snak Club</a><a href="/browse/food/chips/tks-usa-corp-/976759_976787_1001390/YnJhbmQ6VEtTIFVTQSBDT1JQLgieie" link-identifier="Generic Name">TKS USA CORP.</a><a href="/browse/food/chips/wicked-crisps/976759_976787_1001390/YnJhbmQ6V2lja2VkIENyaXNwcwieie" link-identifier="Generic Name">Wicked Crisps</a><a href="/browse/food/chips/wilde-chips/976759_976787_1001390/YnJhbmQ6V2lsZGUgQ2hpcHMie" link-identifier="Generic Name">Wilde Chips</a><a href="/browse/food/chips/alexia/976759_976787_1001390/YnJhbmQ6QWxleGlh" link-identifier="Generic Name">Alexia</a><a href="/browse/food/chips/amplify-snacks/976759_976787_1001390/YnJhbmQ6QW1wbGlmeSBTbmFja3Mie" link-identifier="Generic Name">Amplify Snacks</a><a href="/browse/food/chips/badatz/976759_976787_1001390/YnJhbmQ6QmFkYXR6" link-identifier="Generic Name">Badatz</a><a href="/browse/food/chips/buc-ees/976759_976787_1001390/YnJhbmQ6QnVjLWVlcwieie" link-identifier="Generic Name">Buc-ees</a><a href="/browse/food/chips/continental-concession/976759_976787_1001390/YnJhbmQ6Q09OVElORU5UQUwgQ09OQ0VTU0lPTgieie" link-identifier="Generic Name">CONTINENTAL CONCESSION</a><a href="/browse/food/chips/cello/976759_976787_1001390/YnJhbmQ6Q2VsbG8ie" link-identifier="Generic Name">Cello</a><a href="/browse/food/chips/danielle-s/976759_976787_1001390/YnJhbmQ6RGFuaWVsbGUncwieie" link-identifier="Generic Name">Danielle's</a><a href="/browse/food/chips/dutch-crunch/976759_976787_1001390/YnJhbmQ6RHV0Y2ggQ3J1bmNo" link-identifier="Generic Name">Dutch Crunch</a><a href="/browse/food/chips/expo-international/976759_976787_1001390/YnJhbmQ6RXhwbyBJbnRlcm5hdGlvbmFs" link-identifier="Generic Name">Expo International</a><a href="/browse/food/chips/flavor-mill/976759_976787_1001390/YnJhbmQ6Rmxhdm9yIE1pbGwie" link-identifier="Generic Name">Flavor Mill</a><a href="/browse/food/chips/food-beverage/976759_976787_1001390/YnJhbmQ6Rm9vZCAmIEJldmVyYWdl" link-identifier="Generic Name">Food &amp; Beverage</a><a href="/browse/food/chips/good-s/976759_976787_1001390/YnJhbmQ6R29vZCdz" link-identifier="Generic Name">Good's</a><a href="/browse/food/chips/haitai/976759_976787_1001390/YnJhbmQ6SGFpdGFp" link-identifier="Generic Name">Haitai</a><a href="/browse/food/chips/john-wm-macy-s/976759_976787_1001390/YnJhbmQ6Sm9obiiBXbS4gTWFjeSdz" link-identifier="Generic Name">John Wm. Macy's</a><a href="/browse/food/chips/keto-naturals/976759_976787_1001390/YnJhbmQ6S2V0byBOYXR1cmFscwieie" link-identifier="Generic Name">Keto Naturals</a><a href="/browse/food/chips/mariquitas/976759_976787_1001390/YnJhbmQ6TWFyaXF1aXRhcwieie" link-identifier="Generic Name">Mariquitas</a><a href="/browse/food/chips/merritt-pop/976759_976787_1001390/YnJhbmQ6TWVycml0dC1Qb3Aie" link-identifier="Generic Name">Merritt-Pop</a><a href="/browse/food/chips/mexican-original/976759_976787_1001390/YnJhbmQ6TWV4aWNhbiiBPcmlnaW5hbAieie" link-identifier="Generic Name">Mexican Original</a><a href="/browse/food/chips/mission-foods/976759_976787_1001390/YnJhbmQ6TWlzc2lvbiiBGb29kcwieie" link-identifier="Generic Name">Mission Foods</a><a href="/browse/food/chips/mother-earth-s-snack/976759_976787_1001390/YnJhbmQ6TW90aGVyIEVhcnRoJ3MgU25hY2sie" link-identifier="Generic Name">Mother Earth's Snack</a><a href="/browse/food/chips/orchard/976759_976787_1001390/YnJhbmQ6T1JDSEFSRAieie" link-identifier="Generic Name">ORCHARD</a><a href="/browse/food/chips/olivenation/976759_976787_1001390/YnJhbmQ6T2xpdmVuYXRpb24ie" link-identifier="Generic Name">Olivenation</a><a href="/browse/food/chips/peatos/976759_976787_1001390/YnJhbmQ6UGVhdG9z" link-identifier="Generic Name">Peatos</a><a href="/browse/food/chips/poptime/976759_976787_1001390/YnJhbmQ6UG9wdGltZQieie" link-identifier="Generic Name">Poptime</a><a href="/browse/food/chips/rw-garcia/976759_976787_1001390/YnJhbmQ6UlcgR2FyY2lh" link-identifier="Generic Name">RW Garcia</a><a href="/browse/food/chips/samai/976759_976787_1001390/YnJhbmQ6U2FtYWkie" link-identifier="Generic Name">Samai</a><a href="/browse/food/chips/sweet-gourmet/976759_976787_1001390/YnJhbmQ6U3dlZXQgR291cm1ldAieie" link-identifier="Generic Name">Sweet Gourmet</a><a href="/browse/food/chips/three-farmers/976759_976787_1001390/YnJhbmQ6VGhyZWUgRmFybWVycwieie" link-identifier="Generic Name">Three Farmers</a><a href="/browse/food/chips/tim-s/976759_976787_1001390/YnJhbmQ6VGltJ3Mie" link-identifier="Generic Name">Tim's</a><a href="/browse/food/chips/totis/976759_976787_1001390/YnJhbmQ6VG90aXMie" link-identifier="Generic Name">Totis</a><a href="/browse/food/chips/weight-watchers/976759_976787_1001390/YnJhbmQ6V2VpZ2h0IFdhdGNoZXJz" link-identifier="Generic Name">Weight Watchers</a><a href="/browse/food/chips/zambos/976759_976787_1001390/YnJhbmQ6WmFtYm9z" link-identifier="Generic Name">Zambos</a><a href="/browse/food/chips/baltech/976759_976787_1001390/YnJhbmQ6YmFsdGVjaAieie" link-identifier="Generic Name">baltech</a><a href="/browse/food/chips/1in6snacks/976759_976787_1001390/YnJhbmQ6MWluNnNuYWNrcwieie" link-identifier="Generic Name">1in6snacks</a><a href="/browse/food/chips/a-c-best-food-trading-inc/976759_976787_1001390/YnJhbmQ6QSZDIEJlc3QgRm9vZCBUcmFkaW5nIEluYwieie" link-identifier="Generic Name">A&amp;C Best Food Trading Inc</a><a href="/browse/food/chips/augason-farms/976759_976787_1001390/YnJhbmQ6QXVnYXNvbiiBGYXJtcwieie" link-identifier="Generic Name">Augason Farms</a><a href="/browse/food/chips/b-g-foods/976759_976787_1001390/YnJhbmQ6QiiZHIEZvb2Rz" link-identifier="Generic Name">B&amp;G Foods</a><a href="/browse/food/chips/brami/976759_976787_1001390/YnJhbmQ6QlJBTUkie" link-identifier="Generic Name">BRAMI</a><a href="/browse/food/chips/backer-s/976759_976787_1001390/YnJhbmQ6QmFja2VyJ3Mie" link-identifier="Generic Name">Backer's</a><a href="/browse/food/chips/bestore/976759_976787_1001390/YnJhbmQ6QmVzdG9yZQieie" link-identifier="Generic Name">Bestore</a><a href="/browse/food/chips/bourbon/976759_976787_1001390/YnJhbmQ6Qm91cmJvbgieie" link-identifier="Generic Name">Bourbon</a><a href="/browse/food/chips/brad-s-raw-foods/976759_976787_1001390/YnJhbmQ6QnJhZCdzIFJhdyBGb29kcwieie" link-identifier="Generic Name">Brad's Raw Foods</a><a href="/browse/food/chips/cocogoods/976759_976787_1001390/YnJhbmQ6Q29jb0dvb2Rz" link-identifier="Generic Name">CocoGoods</a><a href="/browse/food/chips/cosmos-creations/976759_976787_1001390/YnJhbmQ6Q29zbW9zIENyZWF0aW9ucwieie" link-identifier="Generic Name">Cosmos Creations</a><a href="/browse/food/chips/country-harvest/976759_976787_1001390/YnJhbmQ6Q291bnRyeSBIYXJ2ZXN0" link-identifier="Generic Name">Country Harvest</a><a href="/browse/food/chips/deanan/976759_976787_1001390/YnJhbmQ6RGVhbmFu" link-identifier="Generic Name">Deanan</a><a href="/browse/food/chips/diana/976759_976787_1001390/YnJhbmQ6RGlhbmEie" link-identifier="Generic Name">Diana</a><a href="/browse/food/chips/eden-foods/976759_976787_1001390/YnJhbmQ6RWRlbiiBGb29kcwieie" link-identifier="Generic Name">Eden Foods</a><a href="/browse/food/chips/field-trip/976759_976787_1001390/YnJhbmQ6RmllbGQgVHJpcAieie" link-identifier="Generic Name">Field Trip</a><a href="/browse/food/chips/fisher-s-popcorn/976759_976787_1001390/YnJhbmQ6RmlzaGVyJ3MgUG9wY29ybgieie" link-identifier="Generic Name">Fisher's Popcorn</a><a href="/browse/food/chips/food-should-taste-good/976759_976787_1001390/YnJhbmQ6Rm9vZCBTaG91bGQgVGFzdGUgR29vZAieie" link-identifier="Generic Name">Food Should Taste Good</a><a href="/browse/food/chips/foods-alive/976759_976787_1001390/YnJhbmQ6Rm9vZHMgQWxpdmUie" link-identifier="Generic Name">Foods Alive</a><a href="/browse/food/chips/fox-family/976759_976787_1001390/YnJhbmQ6Rm94IEZhbWlseQieie" link-identifier="Generic Name">Fox Family</a><a href="/browse/food/chips/good-health-natural-foods/976759_976787_1001390/YnJhbmQ6R29vZCBIZWFsdGggTmF0dXJhbCBGb29kcwieie" link-identifier="Generic Name">Good Health Natural Foods</a><a href="/browse/food/chips/good-natured/976759_976787_1001390/YnJhbmQ6R29vZCBOYXR1cmVk" link-identifier="Generic Name">Good Natured</a><a href="/browse/food/chips/goodhealth/976759_976787_1001390/YnJhbmQ6R29vZGhlYWx0aAieie" link-identifier="Generic Name">Goodhealth</a><a href="/browse/food/chips/great-western/976759_976787_1001390/YnJhbmQ6R3JlYXQgV2VzdGVybgieie" link-identifier="Generic Name">Great Western</a><a href="/browse/food/chips/hawaiian/976759_976787_1001390/YnJhbmQ6SGF3YWlpYW4ie" link-identifier="Generic Name">Hawaiian</a><a href="/browse/food/chips/hershey-s/976759_976787_1001390/YnJhbmQ6SGVyc2hleSdz" link-identifier="Generic Name">Hershey's</a><a href="/browse/food/chips/honest-green/976759_976787_1001390/YnJhbmQ6SG9uZXN0IEdyZWVu" link-identifier="Generic Name">Honest Green</a><a href="/browse/food/chips/inka-corn/976759_976787_1001390/YnJhbmQ6SW5rYSBDb3Ju" link-identifier="Generic Name">Inka Corn</a><a href="/browse/food/chips/jack-n-jill/976759_976787_1001390/YnJhbmQ6SmFjayBOJyBKaWxs" link-identifier="Generic Name">Jack N' Jill</a><a href="/browse/food/chips/kathy-kaye/976759_976787_1001390/YnJhbmQ6S2F0aHkgS2F5ZQieie" link-identifier="Generic Name">Kathy Kaye</a><a href="/browse/food/chips/krunchers-/976759_976787_1001390/YnJhbmQ6S3J1bmNoZXJzIQieie" link-identifier="Generic Name">Krunchers!</a><a href="/browse/food/chips/lpi/976759_976787_1001390/YnJhbmQ6TFBJ" link-identifier="Generic Name">LPI</a><a href="/browse/food/chips/lamb-weston/976759_976787_1001390/YnJhbmQ6TGFtYiiBXZXN0b24ie" link-identifier="Generic Name">Lamb Weston</a><a href="/browse/food/chips/laxmi/976759_976787_1001390/YnJhbmQ6TGF4bWkie" link-identifier="Generic Name">Laxmi</a><a href="/browse/food/chips/lowrey-s/976759_976787_1001390/YnJhbmQ6TG93cmV5J3Mie" link-identifier="Generic Name">Lowrey's</a><a href="/browse/food/chips/marco-polo/976759_976787_1001390/YnJhbmQ6TWFyY28gUG9sbwieie" link-identifier="Generic Name">Marco Polo</a><a href="/browse/food/chips/mega-pop/976759_976787_1001390/YnJhbmQ6TWVnYSBQb3Aie" link-identifier="Generic Name">Mega Pop</a><a href="/browse/food/chips/munch-rights/976759_976787_1001390/YnJhbmQ6TXVuY2ggUmlnaHRz" link-identifier="Generic Name">Munch Rights</a><a href="/browse/food/chips/newman-s-own/976759_976787_1001390/YnJhbmQ6TmV3bWFuJ3MgT3du" link-identifier="Generic Name">Newman's Own</a><a href="/browse/food/chips/oyatsu/976759_976787_1001390/YnJhbmQ6T1lBVFNV" link-identifier="Generic Name">OYATSU</a><a href="/browse/food/chips/prq/976759_976787_1001390/YnJhbmQ6UFJR" link-identifier="Generic Name">PRQ</a><a href="/browse/food/chips/pure-protein/976759_976787_1001390/YnJhbmQ6UHVyZSBQcm90ZWlu" link-identifier="Generic Name">Pure Protein</a><a href="/browse/food/chips/rice-krispies-treats/976759_976787_1001390/YnJhbmQ6UmljZSBLcmlzcGllcyBUcmVhdHMie" link-identifier="Generic Name">Rice Krispies Treats</a><a href="/browse/food/chips/riceworks/976759_976787_1001390/YnJhbmQ6UmljZXdvcmtz" link-identifier="Generic Name">Riceworks</a><a href="/browse/food/chips/sabor-mexicano/976759_976787_1001390/YnJhbmQ6U2Fiib3IgTWV4aWNhbm8ie" link-identifier="Generic Name">Sabor Mexicano</a><a href="/browse/food/chips/shrewd-food/976759_976787_1001390/YnJhbmQ6U2hyZXdkIEZvb2Qie" link-identifier="Generic Name">Shrewd Food</a><a href="/browse/food/chips/skinnydipped/976759_976787_1001390/YnJhbmQ6U2tpbm55RGlwcGVk" link-identifier="Generic Name">SkinnyDipped</a><a href="/browse/food/chips/slim-jim/976759_976787_1001390/YnJhbmQ6U2xpbSBKaW0ie" link-identifier="Generic Name">Slim Jim</a><a href="/browse/food/chips/slow-foods-kitchen/976759_976787_1001390/YnJhbmQ6U2xvdyBGb29kcyBLaXRjaGVu" link-identifier="Generic Name">Slow Foods Kitchen</a><a href="/browse/food/chips/sold-by-shop-the-black-food-market/976759_976787_1001390/YnJhbmQ6U29sZCBiieSBTaG9wIFRoZSBCbGFjayBGb29kIE1hcmtldAieie" link-identifier="Generic Name">Sold by Shop The Black Food Market</a><a href="/browse/food/chips/sweet-sensations/976759_976787_1001390/YnJhbmQ6U3dlZXQgU2Vuc2F0aW9ucwieie" link-identifier="Generic Name">Sweet Sensations</a><a href="/browse/food/chips/toms/976759_976787_1001390/YnJhbmQ6VE9NUwieie" link-identifier="Generic Name">TOMS</a><a href="/browse/food/chips/todd-s-better-snacks/976759_976787_1001390/YnJhbmQ6VG9kZCdzIEJldHRlciiBTbmFja3Mie" link-identifier="Generic Name">Todd's Better Snacks</a><a href="/browse/food/chips/tortiyahs-/976759_976787_1001390/YnJhbmQ6VG9ydGl5YWhzIQieie" link-identifier="Generic Name">Tortiyahs!</a><a href="/browse/food/chips/troyer/976759_976787_1001390/YnJhbmQ6VHJveWVy" link-identifier="Generic Name">Troyer</a><a href="/browse/food/chips/vitner-s/976759_976787_1001390/YnJhbmQ6Vml0bmVyJ3Mie" link-identifier="Generic Name">Vitner's</a><a href="/browse/food/chips/weaver/976759_976787_1001390/YnJhbmQ6V2VhdmVy" link-identifier="Generic Name">Weaver</a><a href="/browse/food/chips/wholesome-provisions/976759_976787_1001390/YnJhbmQ6V2hvbGVzb21lIFByb3Zpc2lvbnMie" link-identifier="Generic Name">Wholesome Provisions</a><a href="/browse/food/chips/nimerex/976759_976787_1001390/YnJhbmQ6bmltZXJleAieie" link-identifier="Generic Name">nimerex</a><a href="/browse/food/party-snacks/976759_976787_1001390_2941065" link-identifier="Generic Name">Party Snacks</a><a href="/browse/food/lay-s-potato-chips/976759_976787_1001390_5517955" link-identifier="Generic Name">Lay's Potato Chips</a><a href="/browse/food/potato-chips/976759_976787_1001390_4402657" link-identifier="Generic Name">Potato Chips</a><a href="/browse/food/variety-pack-chips/976759_976787_1001390_9634100" link-identifier="Generic Name">Variety Pack Chips</a><a href="/browse/food/healthy-snacks/976759_976787_1001390_4759368" link-identifier="Generic Name">Healthy Snacks</a><a href="/browse/food/tortilla-chips/976759_976787_1001390_4501185" link-identifier="Generic Name">Tortilla Chips</a><a href="/browse/food/doritos/976759_976787_1001390_4274370" link-identifier="Generic Name">Doritos</a><a href="/browse/food/pringles/976759_976787_1001390_4402657_3654690" link-identifier="Generic Name">Pringles</a><a href="/browse/food/popcorn/976759_976787_1001390_5910743" link-identifier="Generic Name">Popcorn</a><a href="/browse/food/puffed-snacks/976759_976787_1001390_2807168" link-identifier="Generic Name">Puffed Snacks</a><a href="/browse/food/rice-cakes/976759_976787_1001390_6932513" link-identifier="Generic Name">Rice Cakes</a><a href="/browse/food/kettle-chips/976759_976787_1001390_2523039" link-identifier="Generic Name">Kettle Chips</a><a href="/browse/food/hot-chips/976759_976787_1001390_9236001" link-identifier="Generic Name">Hot Chips</a><a href="/browse/food/pringles-convenient-pack/976759_976787_1001390_3119101" link-identifier="Generic Name">Pringles Convenient Pack</a><a href="/browse/food/pork-rinds/976759_976787_1001390_3029045" link-identifier="Generic Name">Pork Rinds</a><a href="/browse/food/corn-chips/976759_976787_1001390_9805889" link-identifier="Generic Name">Corn Chips</a><a href="/browse/food/salty-snacks-stock-up/976759_976787_1001390_2319411" link-identifier="Generic Name">Salty Snacks Stock-Up</a><a href="/browse/food/cheese-snacks/976759_976787_1001390_4890502" link-identifier="Generic Name">Cheese Snacks</a><a href="/browse/food/veggie-chips-grain-chips/976759_976787_1001390_4084278" link-identifier="Generic Name">Veggie Chips &amp; Grain Chips</a><a href="/browse/food/spicy-snacks/976759_976787_1001390_6972673" link-identifier="Generic Name">Spicy Snacks</a><a href="/browse/food/snack-packs/976759_976787_1001390_2743638" link-identifier="Generic Name">Snack Packs</a><a href="/browse/food/pita-chips-bagel-chips/976759_976787_1001390_8083609" link-identifier="Generic Name">Pita Chips &amp; Bagel Chips</a><a href="/browse/food/rye-chips/976759_976787_1001390_2636409" link-identifier="Generic Name">Rye Chips</a><a href="/browse/food/value-snacks/976759_976787_1001390_7941762" link-identifier="Generic Name">Value Snacks</a></div><section aria-label="Sort and Filter section" class="w-100 flex flex-shrink-0 hidesb hidesb-wk pl3 ph4-xl pv3 relative z-max overflow-x-auto"><div class="flex flex-row flex-shrink-0 items-center br-pill bn bg-near-white mr2"><button aria-label="All filters" class="f6 pv2 br-pill bn sans-serif flex bg-near-white pointer" type="button"><i aria-hidden="true" class="ld ld-Filter ph2" data-testid="Filter-icon" style="font-size:1rem;vertical-align:-0.175em"></i><span aria-hidden="true" class="flex pointer pr3">All filters</span></button></div><div aria-hidden="true" class="br b--near-white h-inherit mr2"></div><div class="flex flex-row flex-shrink-0 items-center br-pill bn bg-near-white mr2"><button aria-label="In-store" class="f6 pv2 br-pill bn sans-serif flex bg-near-white pointer" type="button"><i aria-hidden="true" class="ld ld-Store ph2" data-testid="Store-icon" style="font-size:1rem;vertical-align:-0.175em"></i><span aria-hidden="true" class="flex pointer pr3">In-store</span></button></div><div class="flex flex-row flex-shrink-0 items-center br-pill bn bg-near-white mr2"><span class="w_L w_P" style="display:inline"><button aria-label="Pickup &amp; shipping" class="f6 pv2 br-pill bn sans-serif flex bg-near-white pointer" type="button"><span aria-hidden="true" class="flex pointer pl3">Pickup &amp; shipping</span><i class="ld ld-ChevronDown mh2" style="font-size:1rem;vertical-align:-0.175em"></i></button></span></div><div class="flex flex-row flex-shrink-0 items-center br-pill bn bg-near-white mr2"><button aria-label="Price" class="f6 pv2 br-pill bn sans-serif flex bg-near-white pointer" type="button"><i aria-hidden="true" class="ld ld-MoneyCircle ph2" data-testid="MoneyCircle-icon" style="font-size:1rem;vertical-align:-0.175em"></i><span aria-hidden="true" class="flex pointer">Price</span><i class="ld ld-ChevronDown mh2" style="font-size:1rem;vertical-align:-0.175em"></i></button></div><div class="flex flex-row flex-shrink-0 items-center br-pill bn bg-near-white mr2"><button aria-label="Brand" class="f6 pv2 br-pill bn sans-serif flex bg-near-white pointer" type="button"><span aria-hidden="true" class="flex pointer pl3">Brand</span><i class="ld ld-ChevronDown mh2" style="font-size:1rem;vertical-align:-0.175em"></i></button></div><div class="flex flex-row flex-shrink-0 items-center br-pill bn bg-near-white"><button aria-label="Speed" class="f6 pv2 br-pill bn sans-serif flex bg-near-white pointer" type="button"><i aria-hidden="true" class="ld ld-Clock ph2" data-testid="Clock-icon" style="font-size:1rem;vertical-align:-0.175em"></i><span aria-hidden="true" class="flex pointer">Speed</span><i class="ld ld-ChevronDown mh2" style="font-size:1rem;vertical-align:-0.175em"></i></button></div><div class="dark-gray flex flex-row items-center ml-auto flex-shrink-0"><span class="b mh2">Sort by</span>|<button aria-expanded="false" aria-haspopup="true" aria-label="Sort by Best Match" class="bw0 bg-white sans-serif pointer pa1" type="button">Best Match<i arial-hiden="true" class="ld ld-ChevronDown pa0 ml6" role="img" style="font-size:1rem;vertical-align:-0.175em"></i></button></div></section></section><hr aria-hidden="true" class="w_Ah"/> <section aria-label="Quick refinements" class="pv3"><div class="flex flex-column justify-center relative"><button aria-label="Previous slide for chipModule list" class="absolute dn z-999 bg-white br-100 pa0 pointer ba br-100 ba b--black nav-control left-1"><i class="ld ld-ChevronLeft" style="font-size:1.5rem;vertical-align:-0.25em;padding:12px"></i></button><ul class="list ma0 pl0 overflow-x-scroll hidesb hidesb-wk relative overflow-y-hidden pl3 spl3 pl4-xl" data-testid="carousel-container" style="display:flex;grid-auto-flow:column;scroll-snap-type:x mandatory;max-height:fit-content"><li aria-hidden="false" class="flex flex-column items-center" data-slide="0" style="scroll-snap-align: start;"><button class="w_As w_Av mr2" role="link" type="button">Takis</button></li><li aria-hidden="false" class="flex flex-column items-center" data-slide="1"><button class="w_As w_Av mr2" role="link" type="button">Doritos</button></li><li aria-hidden="false" class="flex flex-column items-center" data-slide="2"><button class="w_As w_Av mr2" role="link" type="button">Pringles</button></li><li aria-hidden="false" class="flex flex-column items-center" data-slide="3"><button class="w_As w_Av mr2" role="link" type="button">Funyuns</button></li><li aria-hidden="false" class="flex flex-column items-center" data-slide="4"><button class="w_As w_Av mr2" role="link" type="button">Ruffles</button></li><li aria-hidden="false" class="flex flex-column items-center" data-slide="5"><button class="w_As w_Av mr2" role="link" type="button">Fritos</button></li><li aria-hidden="false" class="flex flex-column items-center" data-slide="6"><button class="w_As w_Av mr2" role="link" type="button">Potato Chips</button></li><li aria-hidden="false" class="flex flex-column items-center" data-slide="7"><button class="w_As w_Av mr2" role="link" type="button">Tortilla Chips</button></li><li aria-hidden="false" class="flex flex-column items-center" data-slide="8"><button class="w_As w_Av mr2" role="link" type="button">Sun Chips</button></li><li aria-hidden="false" class="flex flex-column items-center" data-slide="9"><button class="w_As w_Av mr2" role="link" type="button">Kettle Chips</button></li><li aria-hidden="false" class="flex flex-column items-center" data-slide="10"><button class="w_As w_Av mr2" role="link" type="button">Pita Chips</button></li><li aria-hidden="false" class="flex flex-column items-center" data-slide="11"><button class="w_As w_Av mr2" role="link" type="button">Lay's Potato Chips</button></li><li aria-hidden="true" class="flex flex-column items-center" data-slide="12" style="scroll-snap-align: start;"><button class="w_As w_Av mr2" role="link" type="button">Cape Cod Chips</button></li><li aria-hidden="true" class="flex flex-column items-center" data-slide="13"><button class="w_As w_Av mr2" role="link" type="button">Zapp's Chips</button></li><li aria-hidden="true" class="flex flex-column items-center" data-slide="14"><button class="w_As w_Av mr2" role="link" type="button">Popped Chips</button></li><li aria-hidden="true" class="flex flex-column items-center" data-slide="15"><button class="w_As w_Av mr2" role="link" type="button">Veggie Chips</button></li><li aria-hidden="true" class="flex flex-column items-center" data-slide="16"><button class="w_As w_Av mr2" role="link" type="button">Corn Chips</button></li><li aria-hidden="true" class="flex flex-column items-center" data-slide="17"><button class="w_As w_Av mr2" role="link" type="button">Terra Chips</button></li><li aria-hidden="true" class="flex flex-column items-center" data-slide="18"><button class="w_As w_Av mr2" role="link" type="button">Rye Chips</button></li><li aria-hidden="true" class="flex flex-column items-center" data-slide="19"><button class="w_As w_Av mr2" role="link" type="button">Utz Potato Chips</button></li><li aria-hidden="true" class="flex flex-column items-center" data-slide="20"><button class="w_As w_Av mr2 mr4-xl" role="link" type="button">Variety Pack Chips</button></li></ul><button aria-label="Next slide for chipModule list" class="absolute dn z-999 bg-white br-100 pa0 pointer ba db-l br-100 ba b--black nav-control right-1 db"><i class="ld ld-ChevronRight" style="font-size:1.5rem;vertical-align:-0.25em;padding:12px"></i></button></div><div class="dn"><a href="/browse/food/takis/976759_976787_1001390_9805889_8841615" link-identifier="Generic Name">Takis</a><a href="https://www.walmart.com/browse/food/doritos/976759_976787_1001390_4274370" link-identifier="Generic Name">Doritos</a><a href="/browse/food/pringles/976759_976787_1001390_4402657_3654690" link-identifier="Generic Name">Pringles</a><a href="/browse/food/funyuns/976759_976787_1001390_9805889_1837733" link-identifier="Generic Name">Funyuns</a><a href="/browse/food/ruffles/976759_976787_1001390_4402657_9174797" link-identifier="Generic Name">Ruffles</a><a href="/browse/food/fritos/976759_976787_1001390_9805889_8357039" link-identifier="Generic Name">Fritos</a><a href="/browse/food/potato-chips/976759_976787_1001390_4402657" link-identifier="Generic Name">Potato Chips</a><a href="/browse/food/tortilla-chips/976759_976787_1001390_4501185" link-identifier="Generic Name">Tortilla Chips</a><a href="/browse/food/sun-chips/976759_976787_1001390_4084278_6046723" link-identifier="Generic Name">Sun Chips</a><a href="/browse/food/kettle-chips/976759_976787_1001390_2523039" link-identifier="Generic Name">Kettle Chips</a><a href="/browse/food/pita-chips-bagel-chips/976759_976787_1001390_8083609" link-identifier="Generic Name">Pita Chips</a><a href="/browse/food/lays-potato-chips/976759_976787_1001390_5517955" link-identifier="Generic Name">Lay's Potato Chips</a><a href="/browse/food/cape-cod-chips/976759_976787_1001390_2523039_2937197" link-identifier="Generic Name">Cape Cod Chips</a><a href="/browse/food/zapps-chips/976759_976787_1001390_2523039_5487688" link-identifier="Generic Name">Zapp's Chips</a><a href="/browse/food/popped-chips/976759_976787_1001390_4402657_9739086" link-identifier="Generic Name">Popped Chips</a><a href="/browse/food/veggie-chips-grain-chips/976759_976787_1001390_4084278" link-identifier="Generic Name">Veggie Chips</a><a href="/browse/food/corn-chips/976759_976787_1001390_9805889" link-identifier="Generic Name">Corn Chips</a><a href="/browse/food/terra-chips/976759_976787_1001390_4084278_2308053" link-identifier="Generic Name">Terra Chips</a><a href="/browse/food/rye-chips/976759_976787_1001390_2636409" link-identifier="Generic Name">Rye Chips</a><a href="/browse/food/utz-potato-chips/976759_976787_1001390_4402657_2212947" link-identifier="Generic Name">Utz Potato Chips</a><a href="/browse/food/variety-pack-chips/976759_976787_1001390_9634100" link-identifier="Generic Name">Variety Pack Chips</a></div></section><hr aria-hidden="true" class="w_Ah"/> <h3 class="ma3 clip o-0">Services related to your search</h3><section><a class="flex items-center no-underline mh4 mt4" href="/browse/food/variety-pack-chips/976759_976787_1001390_9634100?povid=1096070_976787_SearchBanner_VarietyPack_ChipsBrowse" link-identifier="Variety Pack Chips" target="_blank"><div class="w_Z w_c flex flex-auto items-center pa4 bg-washed-blue"><img alt="Stock up with variety pack chips" aria-hidden="true" class="" height="56" loading="lazy" src="https://i5.walmartimages.com/dfw/4ff9c6c9-9cf9/k2-_550d2574-4e92-419e-ae35-87264cb49ee2.v1.png" width="56"/><div class="flex-auto mh4"><h4 class="b dark-gray mt0 f3 mb2 lh-solid">Variety Pack Chips</h4><div class="dark-gray f6">Individually packaged chips and snacks to take on the go!</div></div><span class="w_AM">Shop Now Variety Pack Chips</span><span aria-hidden="true" class="b black ba br4 b--black bg-white ph3 pv1">Shop Now</span></div></a></section> <div class="w-100 relative-m"><div><div class="flex flex-column justify-center" data-stack-index="0"><div class="flex flex-row items-center flex-shrink-0"><section><div><div><div class="inline-flex mv3 ml3 ml4-xl mr1 db"><h1 class="f2 lh-title ma0 di f3">Chips – Walmart.com</h1><span class="f6 f5-m fw3 ml1 mt1-xl gray normal self-center">(1000+)</span></div></div></div></section></div><section><div class="flex flex-wrap w-100 flex-grow-0 flex-shrink-0 ph2 pr0-xl pl4-xl mt0-xl mt3"><div class="mb1 ph1 pa0-xl bb b--near-white w-25"><div class="h-100 pb1-xl pr4-xl pv1 ph1" style="content-visibility:auto;contain-intrinsic-size:198px 340px"><div class="sans-serif mid-gray relative flex flex-column w-100" data-ad-component-type="wpa-tile" data-item-id="6YU4RRFRZI5I"><a class="absolute w-100 h-100 z-1" href="https://wrd.walmart.com/track?rdf=1&amp;adUid=fdf4d655-7db7-4ada-bc10-c136e1d6e5e5&amp;plmt=sp-browse-middle~desktop~&amp;tax=976759_976787_1001390&amp;pltfm=desktop&amp;eventST=click&amp;pgId=976759_976787_1001390&amp;spQs=Qv0-uGhXcTizFAYZMM5KKDrrla89Gw8yRoA26M5j-a7qetU27c97JeqPBOM3myZs8aMI3ofv29d-sFzVNoZfF6bTeh2Pv9mfuN9D9HAkFCGneBj1FDtDAdVlaR-qgNV_r2PJdv_1WEQWTTOF7Hzr4lUKeeI_srnvyw6UdB8H8ME&amp;storeId=3081&amp;pt=browse&amp;pos=1&amp;bt=1&amp;mloc=sp-browse-middle&amp;bkt=2478&amp;rd=https%3A%2F%2Fwww.walmart.com%2Fip%2FKettle-Brand-Potato-Chips-Sea-Salt-and-Vinegar-Kettle-Chips-8-5-Oz%2F10818721%3Fathbdg%3DL1600&amp;athbdg=L1600" link-identifier="10818721"><span class="w_AM">Kettle Brand Potato Chips, Sea Salt and Vinegar Kettle Chips, 8.5 Oz<!-- --> </span></a><div class="" data-testid="list-view"><div class=""><div class="h2 relative mb2"><span class="w_EN w_ET w_EW absolute">Best seller</span></div><div class="relative"><div class="relative overflow-hidden" style="max-width:290px;height:0;padding-bottom:min(290px, 100%);align-self:center;width:min(290px, 100%)"><img alt="" class="absolute top-0 left-0" data-testid="productTileImage" height="" loading="eager" src="https://i5.walmartimages.com/asr/5bb48bb8-d297-4b93-99fc-064391c82aad.00abbbd8a411d245e51c2d7f613ebf65.jpeg?odnHeight=580&amp;odnWidth=580&amp;odnBg=FFFFFF" srcset="https://i5.walmartimages.com/asr/5bb48bb8-d297-4b93-99fc-064391c82aad.00abbbd8a411d245e51c2d7f613ebf65.jpeg?odnHeight=290&amp;odnWidth=290&amp;odnBg=FFFFFF 1x, https://i5.walmartimages.com/asr/5bb48bb8-d297-4b93-99fc-064391c82aad.00abbbd8a411d245e51c2d7f613ebf65.jpeg?odnHeight=580&amp;odnWidth=580&amp;odnBg=FFFFFF 2x" width=""/></div><div class="z-2 absolute bottom--1"><div class="dib relative"><button aria-label="Add to cart - Kettle Brand Potato Chips, Sea Salt and Vinegar Kettle Chips, 8.5 Oz" class="w_6 w_8 w_AD pointer bn bg-blue hover-bg-dark-blue white sans-serif b w-auto ph2 flex items-center justify-center shadow-1" type="button"><i class="ld ld-Plus" style="font-size:1.5rem;vertical-align:-0.25em" title="add to cart"></i><span class="mr2">Add</span></button></div></div></div><div class="mt5 mb1" data-testid="variant-6YU4RRFRZI5I" style="height:24px"><div class="flex items-center lh-title h2-l normal"><span class="gray f7">Sponsored</span></div></div></div><div class=""><div class="flex flex-wrap justify-start items-center lh-title mb2 mb1-m"><div aria-hidden="true" class="b black f5 mr1 mr2-xl lh-copy f4-l">$2.98</div><span class="w_AM">current price $2.98</span><div class="f7 f6-l gray mr1">35.1 ¢/oz</div></div><span class="w_AJ" style="-webkit-line-clamp:3;padding-bottom:0em;margin-bottom:-0em"><span class="f6 f5-l normal dark-gray mb0 mt1 lh-title">Kettle Brand Potato Chips, Sea Salt and Vinegar Kettle Chips, 8.5 Oz</span></span><div class="mt2 flex items-center"><span class="black inline-flex mr1"><i aria-hidden="true" class="ld ld-StarFill" style="font-size:12px;vertical-align:-0.175em"></i><i aria-hidden="true" class="ld ld-StarFill" style="font-size:12px;vertical-align:-0.175em"></i><i aria-hidden="true" class="ld ld-StarFill" style="font-size:12px;vertical-align:-0.175em"></i><i aria-hidden="true" class="ld ld-StarFill" style="font-size:12px;vertical-align:-0.175em"></i><i aria-hidden="true" class="ld ld-StarHalf" style="font-size:12px;vertical-align:-0.175em"></i></span><span aria-hidden="true" class="sans-serif gray f7">1574</span><span class="w_AM">4.7 out of 5 Stars. 1574 reviews</span></div><div class="mv2 flex items-center"><div class="f7 mr1 blue b lh-copy">Save with</div><img alt="Walmart Plus" class="pr2 flex" height="20" loading="lazy" src="//i5.walmartimages.com/dfw/63fd9f59-ac39/29c6759d-7f14-49fa-bd3a-b870eb4fb8fb/v1/wplus-icon-blue.svg" width="20"/></div><div class="mt2 mb2"><span class="w_EN w_ET w_EX mr1 mt1 ph1">Pickup</span><span class="w_EN w_ET w_EX mr1 mt1 ph1">Delivery</span><span class="w_EN w_ET w_EX mr1 mt1 ph1">3+ day shipping</span></div></div></div></div></div></div><div class="mb1 ph1 pa0-xl bb b--near-white w-25"><div class="h-100 pb1-xl pr4-xl pv1 ph1" style="content-visibility:auto;contain-intrinsic-size:198px 340px"><div class="sans-serif mid-gray relative flex flex-column w-100" data-ad-component-type="wpa-tile" data-item-id="2RS9QU0A97GH"><a class="absolute w-100 h-100 z-1" href="https://wrd.walmart.com/track?rdf=1&amp;adUid=fdf4d655-7db7-4ada-bc10-c136e1d6e5e5&amp;plmt=sp-browse-middle~desktop~&amp;tax=976759_976787_1001390&amp;pltfm=desktop&amp;eventST=click&amp;pgId=976759_976787_1001390&amp;spQs=p9tXsgBocz3ViI5xOjKExlpBzYlGJAF13vTWAYfToodHjyCc8wx3XYpRac-Zv_Vvb5Na9UVzaMpxwBw8HGUp4MCx28ZJUJZaxCAhBaRqfzeoOV0okR4wjnLAtdjbj0XkjCvlfmVJFmnpFJ-HiWj8FKIscMPAPPI16BWOXWI9FYQ&amp;storeId=3081&amp;pt=browse&amp;pos=2&amp;bt=1&amp;mloc=sp-browse-middle&amp;bkt=2478&amp;rd=https%3A%2F%2Fwww.walmart.com%2Fip%2FQuaker-Rice-Crisps-Caramel-Corn-7-04-oz-Bag%2F10312636&amp;/ip/Quaker-Rice-Crisps-Caramel-Corn-7-04-oz-Bag/10312636" link-identifier="10312636"><span class="w_AM">Quaker Rice Crisps, Caramel Corn, 7.04 oz Bag<!-- --> </span></a><div class="" data-testid="list-view"><div class=""><div class="h2 relative mb2"></div><div class="relative"><div class="relative overflow-hidden" style="max-width:290px;height:0;padding-bottom:min(290px, 100%);align-self:center;width:min(290px, 100%)"><img alt="" class="absolute top-0 left-0" data-testid="productTileImage" height="" loading="eager" src="https://i5.walmartimages.com/asr/2cec9d58-45f4-4786-bac7-ee2309464516_1.74a086cac178fbe196598dec9f566711.jpeg?odnHeight=580&amp;odnWidth=580&amp;odnBg=FFFFFF" srcset="https://i5.walmartimages.com/asr/2cec9d58-45f4-4786-bac7-ee2309464516_1.74a086cac178fbe196598dec9f566711.jpeg?odnHeight=290&amp;odnWidth=290&amp;odnBg=FFFFFF 1x, https://i5.walmartimages.com/asr/2cec9d58-45f4-4786-bac7-ee2309464516_1.74a086cac178fbe196598dec9f566711.jpeg?odnHeight=580&amp;odnWidth=580&amp;odnBg=FFFFFF 2x" width=""/></div><div class="z-2 absolute bottom--1"><div class="dib relative"><button aria-label="Add to cart - Quaker Rice Crisps, Caramel Corn, 7.04 oz Bag" class="w_6 w_8 w_AD pointer bn bg-blue hover-bg-dark-blue white sans-serif b w-auto ph2 flex items-center justify-center shadow-1" type="button"><i class="ld ld-Plus" style="font-size:1.5rem;vertical-align:-0.25em" title="add to cart"></i><span class="mr2">Add</span></button></div></div></div><div class="mt5 mb1" data-testid="variant-2RS9QU0A97GH" style="height:24px"><div class="flex items-center lh-title h2-l normal"><span class="gray f7">Sponsored</span></div></div></div><div class=""><div class="flex flex-wrap justify-start items-center lh-title mb2 mb1-m"><div aria-hidden="true" class="b black f5 mr1 mr2-xl lh-copy f4-l">$3.54</div><span class="w_AM">current price $3.54</span><div class="f7 f6-l gray mr1">50.3 ¢/oz</div></div><span class="w_AJ" style="-webkit-line-clamp:3;padding-bottom:0em;margin-bottom:-0em"><span class="f6 f5-l normal dark-gray mb0 mt1 lh-title">Quaker Rice Crisps, Caramel Corn, 7.04 oz Bag</span></span><div class="mt2 flex items-center"><span class="black inline-flex mr1"><i aria-hidden="true" class="ld ld-StarFill" style="font-size:12px;vertical-align:-0.175em"></i><i aria-hidden="true" class="ld ld-StarFill" style="font-size:12px;vertical-align:-0.175em"></i><i aria-hidden="true" class="ld ld-StarFill" style="font-size:12px;vertical-align:-0.175em"></i><i aria-hidden="true" class="ld ld-StarFill" style="font-size:12px;vertical-align:-0.175em"></i><i aria-hidden="true" class="ld ld-StarHalf" style="font-size:12px;vertical-align:-0.175em"></i></span><span aria-hidden="true" class="sans-serif gray f7">903</span><span class="w_AM">4.6 out of 5 Stars. 903 reviews</span></div><div class="mv2 flex items-center"><div class="f7 mr1 blue b lh-copy">Save with</div><img alt="Walmart Plus" class="pr2 flex" height="20" loading="lazy" src="//i5.walmartimages.com/dfw/63fd9f59-ac39/29c6759d-7f14-49fa-bd3a-b870eb4fb8fb/v1/wplus-icon-blue.svg" width="20"/></div><div class="mt2 mb2"><span class="w_EN w_ET w_EX mr1 mt1 ph1">Pickup</span><span class="w_EN w_ET w_EX mr1 mt1 ph1">Delivery</span><span class="w_EN w_ET w_EX mr1 mt1 ph1">1-day shipping</span></div></div></div></div></div></div><div class="mb1 ph1 pa0-xl bb b--near-white w-25"><div class="h-100 pb1-xl pr4-xl pv1 ph1" style="content-visibility:auto;contain-intrinsic-size:198px 340px"><div class="sans-serif mid-gray relative flex flex-column w-100" data-ad-component-type="wpa-tile" data-item-id="5MHCB566IS07"><a class="absolute w-100 h-100 z-1" href="https://wrd.walmart.com/track?rdf=1&amp;adUid=fdf4d655-7db7-4ada-bc10-c136e1d6e5e5&amp;plmt=sp-browse-middle~desktop~&amp;tax=976759_976787_1001390&amp;pltfm=desktop&amp;eventST=click&amp;pgId=976759_976787_1001390&amp;spQs=c2QX7cU6z1qcg6aGXo5vt3z7wMcs-1YLPDtDr2WnccB0Wkf1PEHpTQkTsXf2Pgxdw3ztHRitRBDisCKa5GAzmCRYAeFJcQVNJF4kg0xoX5RamLiky-r6hpohEI4mWartmvC7MYhi9QNbI_E1fhjiBoT34gUTUEx3gbAyHbjamlw&amp;storeId=3081&amp;pt=browse&amp;pos=3&amp;bt=1&amp;mloc=sp-browse-middle&amp;bkt=2478&amp;rd=https%3A%2F%2Fwww.walmart.com%2Fip%2FChef-Robert-Irvine-s-FITCRUNCH-Chocolate-Chip-Cookie-Dough-High-Protein-Baked-Bar-16g-Protein-9-73-oz-6ct%2F954829676%3Fathbdg%3DL1600&amp;athbdg=L1600" link-identifier="954829676"><span class="w_AM">Chef Robert Irvine's FITCRUNCH Chocolate Chip Cookie Dough, High Protein Baked Bar, 16g Protein, 9.73 oz., 6ct<!-- --> </span></a><div class="" data-testid="list-view"><div class=""><div class="h2 relative mb2"><span class="w_EN w_ET w_EW absolute">Best seller</span></div><div class="relative"><div class="relative overflow-hidden" style="max-width:290px;height:0;padding-bottom:min(290px, 100%);align-self:center;width:min(290px, 100%)"><img alt="" class="absolute top-0 left-0" data-testid="productTileImage" height="" loading="eager" src="https://i5.walmartimages.com/asr/a96e3e60-5955-49b1-877f-52af599f916b.7828444cab5856a4791e2e40ec5d35d0.jpeg?odnHeight=580&amp;odnWidth=580&amp;odnBg=FFFFFF" srcset="https://i5.walmartimages.com/asr/a96e3e60-5955-49b1-877f-52af599f916b.7828444cab5856a4791e2e40ec5d35d0.jpeg?odnHeight=290&amp;odnWidth=290&amp;odnBg=FFFFFF 1x, https://i5.walmartimages.com/asr/a96e3e60-5955-49b1-877f-52af599f916b.7828444cab5856a4791e2e40ec5d35d0.jpeg?odnHeight=580&amp;odnWidth=580&amp;odnBg=FFFFFF 2x" width=""/></div><div class="z-2 absolute bottom--1"><div class="dib relative"><button aria-label="Add to cart - Chef Robert Irvine's FITCRUNCH Chocolate Chip Cookie Dough, High Protein Baked Bar, 16g Protein, 9.73 oz., 6ct" class="w_6 w_8 w_AD pointer bn bg-blue hover-bg-dark-blue white sans-serif b w-auto ph2 flex items-center justify-center shadow-1" type="button"><i class="ld ld-Plus" style="font-size:1.5rem;vertical-align:-0.25em" title="add to cart"></i><span class="mr2">Add</span></button></div></div></div><div class="mt5 mb1" data-testid="variant-5MHCB566IS07" style="height:24px"><div class="flex items-center lh-title h2-l normal"><span class="gray f7">Sponsored</span></div></div></div><div class=""><div class="flex flex-wrap justify-start items-center lh-title mb2 mb1-m"><div aria-hidden="true" class="b black f5 mr1 mr2-xl lh-copy f4-l">$6.98</div><span class="w_AM">current price $6.98</span><div class="f7 f6-l gray mr1">$1.16/ea</div></div><span class="w_AJ" style="-webkit-line-clamp:3;padding-bottom:0em;margin-bottom:-0em"><span class="f6 f5-l normal dark-gray mb0 mt1 lh-title">Chef Robert Irvine's FITCRUNCH Chocolate Chip Cookie Dough, High Protein Baked Bar, 16g Protein, 9.73 oz., 6ct</span></span><div class="mt2 flex items-center"><span class="black inline-flex mr1"><i aria-hidden="true" class="ld ld-StarFill" style="font-size:12px;vertical-align:-0.175em"></i><i aria-hidden="true" class="ld ld-StarFill" style="font-size:12px;vertical-align:-0.175em"></i><i aria-hidden="true" class="ld ld-StarFill" style="font-size:12px;vertical-align:-0.175em"></i><i aria-hidden="true" class="ld ld-StarFill" style="font-size:12px;vertical-align:-0.175em"></i><i aria-hidden="true" class="ld ld-StarHalf" style="font-size:12px;vertical-align:-0.175em"></i></span><span aria-hidden="true" class="sans-serif gray f7">104</span><span class="w_AM">4.6 out of 5 Stars. 104 reviews</span></div><div class="mv2 flex items-center"><div class="f7 mr1 blue b lh-copy">Save with</div><img alt="Walmart Plus" class="pr2 flex" height="20" loading="lazy" src="//i5.walmartimages.com/dfw/63fd9f59-ac39/29c6759d-7f14-49fa-bd3a-b870eb4fb8fb/v1/wplus-icon-blue.svg" width="20"/></div><div class="mt2 mb2"><span class="w_EN w_ET w_EX mr1 mt1 ph1">Pickup</span><span class="w_EN w_ET w_EX mr1 mt1 ph1">Delivery</span><span class="w_EN w_ET w_EX mr1 mt1 ph1">1-day shipping</span></div></div></div></div></div></div><div class="mb1 ph1 pa0-xl bb b--near-white w-25"><div class="h-100 pb1-xl pr4-xl pv1 ph1" style="content-visibility:auto;contain-intrinsic-size:198px 340px"><div class="sans-serif mid-gray relative flex flex-column w-100" data-ad-component-type="wpa-tile" data-item-id="2OAR10MRZ6MQ"><a class="absolute w-100 h-100 z-1" href="https://wrd.walmart.com/track?rdf=1&amp;adUid=fdf4d655-7db7-4ada-bc10-c136e1d6e5e5&amp;plmt=sp-browse-middle~desktop~&amp;tax=976759_976787_1001390&amp;pltfm=desktop&amp;eventST=click&amp;pgId=976759_976787_1001390&amp;spQs=j72vd_OVOI6ZYo7OzDUrp-L5IBTX-8VxI3JXDzVO6mK_dauc-jUEjOxivIWaPqmT6VCNU1tBfwDg05MI9Rxb9WD0mUvWXt3wkLr3tdAyvgtjLGOZ8k74fvX0mpZM4QDQhD7EGfEuwnkwtY5_ujuSJ0RDMRWh74K0UwrvWHLtkcw&amp;storeId=3081&amp;pt=browse&amp;pos=4&amp;bt=1&amp;mloc=sp-browse-middle&amp;bkt=2478&amp;rd=https%3A%2F%2Fwww.walmart.com%2Fip%2FCape-Cod-Potato-Chips-Original-Kettle-Chips-14-Oz-Party-Size%2F52796390%3Fathbdg%3DL1600&amp;athbdg=L1600" link-identifier="52796390"><span class="w_AM">Cape Cod Potato Chips, Original Kettle Chips, 14 Oz Party Size<!-- --> </span></a><div class="" data-testid="list-view"><div class=""><div class="h2 relative mb2"><span class="w_EN w_ET w_EW absolute">Best seller</span></div><div class="relative"><div class="relative overflow-hidden" style="max-width:290px;height:0;padding-bottom:min(290px, 100%);align-self:center;width:min(290px, 100%)"><img alt="" class="absolute top-0 left-0" data-testid="productTileImage" height="" loading="eager" src="https://i5.walmartimages.com/asr/6ef02787-d433-463b-bacd-671a799190d3.04e3fa4dfe0f06deffa7380e5ce36788.jpeg?odnHeight=580&amp;odnWidth=580&amp;odnBg=FFFFFF" srcset="https://i5.walmartimages.com/asr/6ef02787-d433-463b-bacd-671a799190d3.04e3fa4dfe0f06deffa7380e5ce36788.jpeg?odnHeight=290&amp;odnWidth=290&amp;odnBg=FFFFFF 1x, https://i5.walmartimages.com/asr/6ef02787-d433-463b-bacd-671a799190d3.04e3fa4dfe0f06deffa7380e5ce36788.jpeg?odnHeight=580&amp;odnWidth=580&amp;odnBg=FFFFFF 2x" width=""/></div><div class="z-2 absolute bottom--1"><div class="dib relative"><button aria-label="Add to cart - Cape Cod Potato Chips, Original Kettle Chips, 14 Oz Party Size" class="w_6 w_8 w_AD pointer bn bg-blue hover-bg-dark-blue white sans-serif b w-auto ph2 flex items-center justify-center shadow-1" type="button"><i class="ld ld-Plus" style="font-size:1.5rem;vertical-align:-0.25em" title="add to cart"></i><span class="mr2">Add</span></button></div></div></div><div class="mt5 mb1" data-testid="variant-2OAR10MRZ6MQ" style="height:24px"><div class="flex items-center lh-title h2-l normal"><span class="gray f7">Sponsored</span></div></div></div><div class=""><div class="flex flex-wrap justify-start items-center lh-title mb2 mb1-m"><div aria-hidden="true" class="b black f5 mr1 mr2-xl lh-copy f4-l">$4.48</div><span class="w_AM">current price $4.48</span><div class="f7 f6-l gray mr1">32.0 ¢/oz</div></div><span class="w_AJ" style="-webkit-line-clamp:3;padding-bottom:0em;margin-bottom:-0em"><span class="f6 f5-l normal dark-gray mb0 mt1 lh-title">Cape Cod Potato Chips, Original Kettle Chips, 14 Oz Party Size</span></span><div class="mt2 flex items-center"><span class="black inline-flex mr1"><i aria-hidden="true" class="ld ld-StarFill" style="font-size:12px;vertical-align:-0.175em"></i><i aria-hidden="true" class="ld ld-StarFill" style="font-size:12px;vertical-align:-0.175em"></i><i aria-hidden="true" class="ld ld-StarFill" style="font-size:12px;vertical-align:-0.175em"></i><i aria-hidden="true" class="ld ld-StarFill" style="font-size:12px;vertical-align:-0.175em"></i><i aria-hidden="true" class="ld ld-StarHalf" style="font-size:12px;vertical-align:-0.175em"></i></span><span aria-hidden="true" class="sans-serif gray f7">841</span><span class="w_AM">4.7 out of 5 Stars. 841 reviews</span></div><div class="mv2 flex items-center"><div class="f7 mr1 blue b lh-copy">Save with</div><img alt="Walmart Plus" class="pr2 flex" height="20" loading="lazy" src="//i5.walmartimages.com/dfw/63fd9f59-ac39/29c6759d-7f14-49fa-bd3a-b870eb4fb8fb/v1/wplus-icon-blue.svg" width="20"/></div><div class="mt2 mb2"><span class="w_EN w_ET w_EX mr1 mt1 ph1">1-day shipping</span></div></div></div></div></div></div><div class="mb1 ph1 pa0-xl bb b--near-white w-25"><div class="h-100 pb1-xl pr4-xl pv1 ph1" style="content-visibility:auto;contain-intrinsic-size:198px 340px"><div class="sans-serif mid-gray relative flex flex-column w-100" data-item-id="31F9DOE2RGKJ"><a class="absolute w-100 h-100 z-1" href="/ip/Lay-s-Classic-Potato-Chips-Party-Size-13-oz-Bag/677669806?athbdg=L1600" link-identifier="677669806"><span class="w_AM">Lay's Classic Potato Chips, Party Size, 13 oz Bag<!-- --> </span></a><div class="" data-testid="list-view"><div class=""><div class="h2 relative mb2"><span class="w_EN w_ET w_EW absolute">Best seller</span></div><div class="relative"><div class="relative overflow-hidden" style="max-width:290px;height:0;padding-bottom:min(290px, 100%);align-self:center;width:min(290px, 100%)"><img alt="" class="absolute top-0 left-0" data-testid="productTileImage" height="" loading="lazy" src="https://i5.walmartimages.com/asr/15b0a328-0403-4e27-b256-698e69675801.4479d277258b0bb9993670ed400a98d0.jpeg?odnHeight=580&amp;odnWidth=580&amp;odnBg=FFFFFF" srcset="https://i5.walmartimages.com/asr/15b0a328-0403-4e27-b256-698e69675801.4479d277258b0bb9993670ed400a98d0.jpeg?odnHeight=290&amp;odnWidth=290&amp;odnBg=FFFFFF 1x, https://i5.walmartimages.com/asr/15b0a328-0403-4e27-b256-698e69675801.4479d277258b0bb9993670ed400a98d0.jpeg?odnHeight=580&amp;odnWidth=580&amp;odnBg=FFFFFF 2x" width=""/></div><div class="z-2 absolute bottom--1"><div class="dib relative"><button aria-label="Add to cart - Lay's Classic Potato Chips, Party Size, 13 oz Bag" class="w_6 w_8 w_AD pointer bn bg-blue hover-bg-dark-blue white sans-serif b w-auto ph2 flex items-center justify-center shadow-1" type="button"><i class="ld ld-Plus" style="font-size:1.5rem;vertical-align:-0.25em" title="add to cart"></i><span class="mr2">Add</span></button></div></div></div><div class="mt5 mb1" data-testid="variant-31F9DOE2RGKJ" style="height:24px"></div></div><div class=""><div class="flex flex-wrap justify-start items-center lh-title mb2 mb1-m"><div aria-hidden="true" class="b black f5 mr1 mr2-xl lh-copy f4-l">$4.48</div><span class="w_AM">current price $4.48</span><div class="f7 f6-l gray mr1">34.5 ¢/oz</div></div><span class="w_AJ" style="-webkit-line-clamp:3;padding-bottom:0em;margin-bottom:-0em"><span class="f6 f5-l normal dark-gray mb0 mt1 lh-title">Lay's Classic Potato Chips, Party Size, 13 oz Bag</span></span><div class="mt2 flex items-center"><span class="black inline-flex mr1"><i aria-hidden="true" class="ld ld-StarFill" style="font-size:12px;vertical-align:-0.175em"></i><i aria-hidden="true" class="ld ld-StarFill" style="font-size:12px;vertical-align:-0.175em"></i><i aria-hidden="true" class="ld ld-StarFill" style="font-size:12px;vertical-align:-0.175em"></i><i aria-hidden="true" class="ld ld-StarFill" style="font-size:12px;vertical-align:-0.175em"></i><i aria-hidden="true" class="ld ld-Star" style="font-size:12px;vertical-align:-0.175em"></i></span><span aria-hidden="true" class="sans-serif gray f7">1417</span><span class="w_AM">4.1 out of 5 Stars. 1417 reviews</span></div><div class="mv2 flex items-center"><div class="f7 mr1 blue b lh-copy">Save with</div><img alt="Walmart Plus" class="pr2 flex" height="20" loading="lazy" src="//i5.walmartimages.com/dfw/63fd9f59-ac39/29c6759d-7f14-49fa-bd3a-b870eb4fb8fb/v1/wplus-icon-blue.svg" width="20"/></div><div class="mt2 mb2"><span class="w_EN w_ET w_EX mr1 mt1 ph1">Pickup</span><span class="w_EN w_ET w_EX mr1 mt1 ph1">Delivery</span></div></div></div></div></div></div><div class="mb1 ph1 pa0-xl bb b--near-white w-25"><div class="h-100 pb1-xl pr4-xl pv1 ph1" style="content-visibility:auto;contain-intrinsic-size:198px 340px"><div class="sans-serif mid-gray relative flex flex-column w-100" data-item-id="75D63SH18BIF"><a class="absolute w-100 h-100 z-1" href="/ip/Frito-Lay-Flavor-Mix-Snacks-Variety-Pack-Party-Size-28-Count-Assortment-May-Vary/984440765?athbdg=L1600" link-identifier="984440765"><span class="w_AM">Frito-Lay Flavor Mix Snacks Variety Pack, Party Size, 28 Count (Assortment May Vary)<!-- --> </span></a><div class="" data-testid="list-view"><div class=""><div class="h2 relative mb2"><span class="w_EN w_ET w_EW absolute">Best seller</span></div><div class="relative"><div class="relative overflow-hidden" style="max-width:290px;height:0;padding-bottom:min(290px, 100%);align-self:center;width:min(290px, 100%)"><img alt="" class="absolute top-0 left-0" data-testid="productTileImage" height="" loading="lazy" src="https://i5.walmartimages.com/asr/09f62f48-52e5-4e03-9ce5-855a3172f555.eef7bf767aef87511d24d0eade2c88b6.jpeg?odnHeight=580&amp;odnWidth=580&amp;odnBg=FFFFFF" srcset="https://i5.walmartimages.com/asr/09f62f48-52e5-4e03-9ce5-855a3172f555.eef7bf767aef87511d24d0eade2c88b6.jpeg?odnHeight=290&amp;odnWidth=290&amp;odnBg=FFFFFF 1x, https://i5.walmartimages.com/asr/09f62f48-52e5-4e03-9ce5-855a3172f555.eef7bf767aef87511d24d0eade2c88b6.jpeg?odnHeight=580&amp;odnWidth=580&amp;odnBg=FFFFFF 2x" width=""/></div><div class="z-2 absolute bottom--1"><div class="dib relative"><button aria-label="Add to cart - Frito-Lay Flavor Mix Snacks Variety Pack, Party Size, 28 Count (Assortment May Vary)" class="w_6 w_8 w_AD pointer bn bg-blue hover-bg-dark-blue white sans-serif b w-auto ph2 flex items-center justify-center shadow-1" type="button"><i class="ld ld-Plus" style="font-size:1.5rem;vertical-align:-0.25em" title="add to cart"></i><span class="mr2">Add</span></button></div></div></div><div class="mt5 mb1" data-testid="variant-75D63SH18BIF" style="height:24px"></div></div><div class=""><div class="flex flex-wrap justify-start items-center lh-title mb2 mb1-m"><div aria-hidden="true" class="b black f5 mr1 mr2-xl lh-copy f4-l">$13.98</div><span class="w_AM">current price $13.98</span><div class="f7 f6-l gray mr1">49.9 ¢/ea</div></div><span class="w_AJ" style="-webkit-line-clamp:3;padding-bottom:0em;margin-bottom:-0em"><span class="f6 f5-l normal dark-gray mb0 mt1 lh-title">Frito-Lay Flavor Mix Snacks Variety Pack, Party Size, 28 Count (Assortment May Vary)</span></span><div class="mt2 flex items-center"><span class="black inline-flex mr1"><i aria-hidden="true" class="ld ld-StarFill" style="font-size:12px;vertical-align:-0.175em"></i><i aria-hidden="true" class="ld ld-StarFill" style="font-size:12px;vertical-align:-0.175em"></i><i aria-hidden="true" class="ld ld-StarFill" style="font-size:12px;vertical-align:-0.175em"></i><i aria-hidden="true" class="ld ld-StarFill" style="font-size:12px;vertical-align:-0.175em"></i><i aria-hidden="true" class="ld ld-StarHalf" style="font-size:12px;vertical-align:-0.175em"></i></span><span aria-hidden="true" class="sans-serif gray f7">561</span><span class="w_AM">4.5 out of 5 Stars. 561 reviews</span></div><div class="mv2 flex items-center"><div class="f7 mr1 blue b lh-copy">Save with</div><img alt="Walmart Plus" class="pr2 flex" height="20" loading="lazy" src="//i5.walmartimages.com/dfw/63fd9f59-ac39/29c6759d-7f14-49fa-bd3a-b870eb4fb8fb/v1/wplus-icon-blue.svg" width="20"/></div><div class="mt2 mb2"><span class="w_EN w_ET w_EX mr1 mt1 ph1">1-day shipping</span></div></div></div></div></div></div><div class="mb1 ph1 pa0-xl bb b--near-white w-25"><div class="h-100 pb1-xl pr4-xl pv1 ph1" style="content-visibility:auto;contain-intrinsic-size:198px 340px"><div class="sans-serif mid-gray relative flex flex-column w-100" data-item-id="2QLRN5H5IRFA"><a class="absolute w-100 h-100 z-1" href="/ip/Great-Value-Original-Wavy-Potato-Chips-13-oz/351534613?athbdg=L1600" link-identifier="351534613"><span class="w_AM">Great Value Original Wavy Potato Chips, 13 oz<!-- --> </span></a><div class="" data-testid="list-view"><div class=""><div class="h2 relative mb2"><span class="w_EN w_ET w_EW absolute">Best seller</span></div><div class="relative"><div class="relative overflow-hidden" style="max-width:290px;height:0;padding-bottom:min(290px, 100%);align-self:center;width:min(290px, 100%)"><img alt="" class="absolute top-0 left-0" data-testid="productTileImage" height="" loading="lazy" src="https://i5.walmartimages.com/asr/f08616f3-0de5-4e71-9068-42bf30606632.0c243fd4c8cded70dc4a87756e3ce982.jpeg?odnHeight=580&amp;odnWidth=580&amp;odnBg=FFFFFF" srcset="https://i5.walmartimages.com/asr/f08616f3-0de5-4e71-9068-42bf30606632.0c243fd4c8cded70dc4a87756e3ce982.jpeg?odnHeight=290&amp;odnWidth=290&amp;odnBg=FFFFFF 1x, https://i5.walmartimages.com/asr/f08616f3-0de5-4e71-9068-42bf30606632.0c243fd4c8cded70dc4a87756e3ce982.jpeg?odnHeight=580&amp;odnWidth=580&amp;odnBg=FFFFFF 2x" width=""/></div><div class="z-2 absolute bottom--1"><div class="dib relative"><button aria-label="Add to cart - Great Value Original Wavy Potato Chips, 13 oz" class="w_6 w_8 w_AD pointer bn bg-blue hover-bg-dark-blue white sans-serif b w-auto ph2 flex items-center justify-center shadow-1" type="button"><i class="ld ld-Plus" style="font-size:1.5rem;vertical-align:-0.25em" title="add to cart"></i><span class="mr2">Add</span></button></div></div></div><div class="mt5 mb1" data-testid="variant-2QLRN5H5IRFA" style="height:24px"></div></div><div class=""><div class="flex flex-wrap justify-start items-center lh-title mb2 mb1-m"><div aria-hidden="true" class="b black f5 mr1 mr2-xl lh-copy f4-l">$2.37</div><span class="w_AM">current price $2.37</span><div class="f7 f6-l gray mr1">18.2 ¢/oz</div></div><span class="w_AJ" style="-webkit-line-clamp:3;padding-bottom:0em;margin-bottom:-0em"><span class="f6 f5-l normal dark-gray mb0 mt1 lh-title">Great Value Original Wavy Potato Chips, 13 oz</span></span><div class="mt2 flex items-center"><span class="black inline-flex mr1"><i aria-hidden="true" class="ld ld-StarFill" style="font-size:12px;vertical-align:-0.175em"></i><i aria-hidden="true" class="ld ld-StarFill" style="font-size:12px;vertical-align:-0.175em"></i><i aria-hidden="true" class="ld ld-StarFill" style="font-size:12px;vertical-align:-0.175em"></i><i aria-hidden="true" class="ld ld-StarHalf" style="font-size:12px;vertical-align:-0.175em"></i><i aria-hidden="true" class="ld ld-Star" style="font-size:12px;vertical-align:-0.175em"></i></span><span aria-hidden="true" class="sans-serif gray f7">46</span><span class="w_AM">3.4 out of 5 Stars. 46 reviews</span></div><div class="mv2 flex items-center"><div class="f7 mr1 blue b lh-copy">Save with</div><img alt="Walmart Plus" class="pr2 flex" height="20" loading="lazy" src="//i5.walmartimages.com/dfw/63fd9f59-ac39/29c6759d-7f14-49fa-bd3a-b870eb4fb8fb/v1/wplus-icon-blue.svg" width="20"/></div><div class="mt2 mb2"><span class="w_EN w_ET w_EX mr1 mt1 ph1">Pickup</span><span class="w_EN w_ET w_EX mr1 mt1 ph1">Delivery</span><span class="w_EN w_ET w_EX mr1 mt1 ph1">1-day shipping</span></div></div></div></div></div></div><div class="mb1 ph1 pa0-xl bb b--near-white w-25"><div class="h-100 pb1-xl pr4-xl pv1 ph1" style="content-visibility:auto;contain-intrinsic-size:198px 340px"><div class="sans-serif mid-gray relative flex flex-column w-100" data-item-id="69261BMX7LC2"><a class="absolute w-100 h-100 z-1" href="/ip/Quest-Tortilla-Style-Protein-Chips-Nacho-Cheese-1-1oz-4ct-Pack/366445938" link-identifier="366445938"><span class="w_AM">Quest Tortilla Style Protein Chips, Nacho Cheese, 1.1oz - 4ct Pack<!-- --> </span></a><div class="" data-testid="list-view"><div class=""><div class="h2 relative mb2"></div><div class="relative"><div class="relative overflow-hidden" style="max-width:290px;height:0;padding-bottom:min(290px, 100%);align-self:center;width:min(290px, 100%)"><img alt="" class="absolute top-0 left-0" data-testid="productTileImage" height="" loading="lazy" src="https://i5.walmartimages.com/asr/5906b1ab-b6b8-4f6f-97b9-94eed82e1ed4.158865f4b6b80afb218e6dec2a0134a0.jpeg?odnHeight=580&amp;odnWidth=580&amp;odnBg=FFFFFF" srcset="https://i5.walmartimages.com/asr/5906b1ab-b6b8-4f6f-97b9-94eed82e1ed4.158865f4b6b80afb218e6dec2a0134a0.jpeg?odnHeight=290&amp;odnWidth=290&amp;odnBg=FFFFFF 1x, https://i5.walmartimages.com/asr/5906b1ab-b6b8-4f6f-97b9-94eed82e1ed4.158865f4b6b80afb218e6dec2a0134a0.jpeg?odnHeight=580&amp;odnWidth=580&amp;odnBg=FFFFFF 2x" width=""/></div><div class="z-2 absolute bottom--1"><div class="dib relative"><button aria-label="Add to cart - Quest Tortilla Style Protein Chips, Nacho Cheese, 1.1oz - 4ct Pack" class="w_6 w_8 w_AD pointer bn bg-blue hover-bg-dark-blue white sans-serif b w-auto ph2 flex items-center justify-center shadow-1" type="button"><i class="ld ld-Plus" style="font-size:1.5rem;vertical-align:-0.25em" title="add to cart"></i><span class="mr2">Add</span></button></div></div></div><div class="mt5 mb1" data-testid="variant-69261BMX7LC2" style="height:24px"></div></div><div class=""><div class="flex flex-wrap justify-start items-center lh-title mb2 mb1-m"><div aria-hidden="true" class="b black f5 mr1 mr2-xl lh-copy f4-l">$8.98</div><span class="w_AM">current price $8.98</span><div class="f7 f6-l gray mr1">$2.00/oz</div></div><span class="w_AJ" style="-webkit-line-clamp:3;padding-bottom:0em;margin-bottom:-0em"><span class="f6 f5-l normal dark-gray mb0 mt1 lh-title">Quest Tortilla Style Protein Chips, Nacho Cheese, 1.1oz - 4ct Pack</span></span><div class="mv2 flex items-center"><div class="f7 mr1 blue b lh-copy">Save with</div><img alt="Walmart Plus" class="pr2 flex" height="20" loading="lazy" src="//i5.walmartimages.com/dfw/63fd9f59-ac39/29c6759d-7f14-49fa-bd3a-b870eb4fb8fb/v1/wplus-icon-blue.svg" width="20"/></div><div class="mt2 mb2"><span class="w_EN w_ET w_EX mr1 mt1 ph1">1-day shipping</span></div></div></div></div></div></div><div class="mb1 ph1 pa0-xl bb b--near-white w-25"><div class="h-100 pb1-xl pr4-xl pv1 ph1" style="content-visibility:auto;contain-intrinsic-size:198px 340px"><div class="sans-serif mid-gray relative flex flex-column w-100" data-item-id="30NZ0BEVU9O9"><a class="absolute w-100 h-100 z-1" href="/ip/Great-Value-Original-Rippled-Potato-Chips-Party-Size-13-5-oz/484555703?athbdg=L1600" link-identifier="484555703"><span class="w_AM">Great Value Original Rippled Potato Chips Party Size!, 13.5 oz<!-- --> </span></a><div class="" data-testid="list-view"><div class=""><div class="h2 relative mb2"><span class="w_EN w_ET w_EW absolute">Best seller</span></div><div class="relative"><div class="relative overflow-hidden" style="max-width:290px;height:0;padding-bottom:min(290px, 100%);align-self:center;width:min(290px, 100%)"><img alt="" class="absolute top-0 left-0" data-testid="productTileImage" height="" loading="lazy" src="https://i5.walmartimages.com/asr/76711a9b-3b0a-4c44-a250-38ab60b3cbde_2.e4dd3c602e75e75e5ff6703ac3880ffc.jpeg?odnHeight=580&amp;odnWidth=580&amp;odnBg=FFFFFF" srcset="https://i5.walmartimages.com/asr/76711a9b-3b0a-4c44-a250-38ab60b3cbde_2.e4dd3c602e75e75e5ff6703ac3880ffc.jpeg?odnHeight=290&amp;odnWidth=290&amp;odnBg=FFFFFF 1x, https://i5.walmartimages.com/asr/76711a9b-3b0a-4c44-a250-38ab60b3cbde_2.e4dd3c602e75e75e5ff6703ac3880ffc.jpeg?odnHeight=580&amp;odnWidth=580&amp;odnBg=FFFFFF 2x" width=""/></div><div class="z-2 absolute bottom--1"><div class="dib relative"><button aria-label="Add to cart - Great Value Original Rippled Potato Chips Party Size!, 13.5 oz" class="w_6 w_8 w_AD pointer bn bg-blue hover-bg-dark-blue white sans-serif b w-auto ph2 flex items-center justify-center shadow-1" type="button"><i class="ld ld-Plus" style="font-size:1.5rem;vertical-align:-0.25em" title="add to cart"></i><span class="mr2">Add</span></button></div></div></div><div class="mt5 mb1" data-testid="variant-30NZ0BEVU9O9" style="height:24px"></div></div><div class=""><div class="flex flex-wrap justify-start items-center lh-title mb2 mb1-m"><div aria-hidden="true" class="b black f5 mr1 mr2-xl lh-copy f4-l">$2.37</div><span class="w_AM">current price $2.37</span><div class="f7 f6-l gray mr1">17.6 ¢/oz</div></div><span class="w_AJ" style="-webkit-line-clamp:3;padding-bottom:0em;margin-bottom:-0em"><span class="f6 f5-l normal dark-gray mb0 mt1 lh-title">Great Value Original Rippled Potato Chips Party Size!, 13.5 oz</span></span><div class="mt2 flex items-center"><span class="black inline-flex mr1"><i aria-hidden="true" class="ld ld-StarFill" style="font-size:12px;vertical-align:-0.175em"></i><i aria-hidden="true" class="ld ld-StarFill" style="font-size:12px;vertical-align:-0.175em"></i><i aria-hidden="true" class="ld ld-StarFill" style="font-size:12px;vertical-align:-0.175em"></i><i aria-hidden="true" class="ld ld-StarHalf" style="font-size:12px;vertical-align:-0.175em"></i><i aria-hidden="true" class="ld ld-Star" style="font-size:12px;vertical-align:-0.175em"></i></span><span aria-hidden="true" class="sans-serif gray f7">66</span><span class="w_AM">3.4 out of 5 Stars. 66 reviews</span></div><div class="mv2 flex items-center"><div class="f7 mr1 blue b lh-copy">Save with</div><img alt="Walmart Plus" class="pr2 flex" height="20" loading="lazy" src="//i5.walmartimages.com/dfw/63fd9f59-ac39/29c6759d-7f14-49fa-bd3a-b870eb4fb8fb/v1/wplus-icon-blue.svg" width="20"/></div><div class="mt2 mb2"><span class="w_EN w_ET w_EX mr1 mt1 ph1">Pickup</span><span class="w_EN w_ET w_EX mr1 mt1 ph1">Delivery</span><span class="w_EN w_ET w_EX mr1 mt1 ph1">1-day shipping</span></div></div></div></div></div></div><div class="mb1 ph1 pa0-xl bb b--near-white w-25"><div class="h-100 pb1-xl pr4-xl pv1 ph1" style="content-visibility:auto;contain-intrinsic-size:198px 340px"><div class="sans-serif mid-gray relative flex flex-column w-100" data-item-id="1WNDJ01XK9P9"><a class="absolute w-100 h-100 z-1" href="/ip/Tostitos-Scoops-Tortilla-Chips-Party-Size-14-5-oz-Bag/11027423?athbdg=L1600" link-identifier="11027423"><span class="w_AM">Tostitos Scoops! Tortilla Chips Party Size, 14.5 oz Bag<!-- --> </span></a><div class="" data-testid="list-view"><div class=""><div class="h2 relative mb2"><span class="w_EN w_ET w_EW absolute">Best seller</span></div><div class="relative"><div class="relative overflow-hidden" style="max-width:290px;height:0;padding-bottom:min(290px, 100%);align-self:center;width:min(290px, 100%)"><img alt="" class="absolute top-0 left-0" data-testid="productTileImage" height="" loading="lazy" src="https://i5.walmartimages.com/asr/652e1ef0-c1b2-4c66-9d7c-448d0b1af060.25c69aa11df21e07c04c0880f158c87d.jpeg?odnHeight=580&amp;odnWidth=580&amp;odnBg=FFFFFF" srcset="https://i5.walmartimages.com/asr/652e1ef0-c1b2-4c66-9d7c-448d0b1af060.25c69aa11df21e07c04c0880f158c87d.jpeg?odnHeight=290&amp;odnWidth=290&amp;odnBg=FFFFFF 1x, https://i5.walmartimages.com/asr/652e1ef0-c1b2-4c66-9d7c-448d0b1af060.25c69aa11df21e07c04c0880f158c87d.jpeg?odnHeight=580&amp;odnWidth=580&amp;odnBg=FFFFFF 2x" width=""/></div><div class="z-2 absolute bottom--1"><div class="dib relative"><button aria-label="Add to cart - Tostitos Scoops! Tortilla Chips Party Size, 14.5 oz Bag" class="w_6 w_8 w_AD pointer bn bg-blue hover-bg-dark-blue white sans-serif b w-auto ph2 flex items-center justify-center shadow-1" type="button"><i class="ld ld-Plus" style="font-size:1.5rem;vertical-align:-0.25em" title="add to cart"></i><span class="mr2">Add</span></button></div></div></div><div class="mt5 mb1" data-testid="variant-1WNDJ01XK9P9" style="height:24px"></div></div><div class=""><div class="flex flex-wrap justify-start items-center lh-title mb2 mb1-m"><div aria-hidden="true" class="b black f5 mr1 mr2-xl lh-copy f4-l">$4.48</div><span class="w_AM">current price $4.48</span><div class="f7 f6-l gray mr1">30.9 ¢/oz</div></div><span class="w_AJ" style="-webkit-line-clamp:3;padding-bottom:0em;margin-bottom:-0em"><span class="f6 f5-l normal dark-gray mb0 mt1 lh-title">Tostitos Scoops! Tortilla Chips Party Size, 14.5 oz Bag</span></span><div class="mt2 flex items-center"><span class="black inline-flex mr1"><i aria-hidden="true" class="ld ld-StarFill" style="font-size:12px;vertical-align:-0.175em"></i><i aria-hidden="true" class="ld ld-StarFill" style="font-size:12px;vertical-align:-0.175em"></i><i aria-hidden="true" class="ld ld-StarFill" style="font-size:12px;vertical-align:-0.175em"></i><i aria-hidden="true" class="ld ld-StarFill" style="font-size:12px;vertical-align:-0.175em"></i><i aria-hidden="true" class="ld ld-StarHalf" style="font-size:12px;vertical-align:-0.175em"></i></span><span aria-hidden="true" class="sans-serif gray f7">1635</span><span class="w_AM">4.3 out of 5 Stars. 1635 reviews</span></div><div class="mv2 flex items-center"><div class="f7 mr1 blue b lh-copy">Save with</div><img alt="Walmart Plus" class="pr2 flex" height="20" loading="lazy" src="//i5.walmartimages.com/dfw/63fd9f59-ac39/29c6759d-7f14-49fa-bd3a-b870eb4fb8fb/v1/wplus-icon-blue.svg" width="20"/></div><div class="mt2 mb2"><span class="w_EN w_ET w_EX mr1 mt1 ph1">Pickup</span><span class="w_EN w_ET w_EX mr1 mt1 ph1">Delivery</span><span class="w_EN w_ET w_EX mr1 mt1 ph1">1-day shipping</span></div></div></div></div></div></div><div class="mb1 ph1 pa0-xl bb b--near-white w-25"><div class="h-100 pb1-xl pr4-xl pv1 ph1"><div class="sans-serif mid-gray relative flex flex-column w-100" data-ad-component-type="wpa-tile" data-item-id="1DIE9UDFRDB5"><a class="absolute w-100 h-100 z-1" href="https://wrd.walmart.com/track?rdf=1&amp;adUid=fdf4d655-7db7-4ada-bc10-c136e1d6e5e5&amp;plmt=sp-browse-middle~desktop~&amp;tax=976759_976787_1001390&amp;pltfm=desktop&amp;eventST=click&amp;pgId=976759_976787_1001390&amp;spQs=TgC08JCIofhxr7xDvm7a0eL5IBTX-8VxI3JXDzVO6mK_dauc-jUEjOxivIWaPqmT6VCNU1tBfwDg05MI9Rxb9bM-OhD4Otwj4u66lj5RkWUYubELZNPuwFQkZkUeuq-Q5_c6dBePtg5LtyDTr5nqjF7zoSiypwJWZuvaoiBaZSI&amp;storeId=3081&amp;pt=browse&amp;pos=11&amp;bt=1&amp;mloc=sp-browse-middle&amp;bkt=2478&amp;rd=https%3A%2F%2Fwww.walmart.com%2Fip%2FCape-Cod-Potato-Chips-Less-Fat-Original-Kettle-Chips-8-Oz%2F22309156&amp;/ip/Cape-Cod-Potato-Chips-Less-Fat-Original-Kettle-Chips-8-Oz/22309156" link-identifier="22309156"><span class="w_AM">Cape Cod Potato Chips, Less Fat Original Kettle Chips, 8 Oz </span></a><div class="" data-testid="list-view"><div class=""><div class="h2 relative mb2"></div><div class="relative"><div class="relative overflow-hidden" style="max-width: 290px; height: 0px; padding-bottom: min(290px, 100%); align-self: center; width: min(290px, 100%);"><img alt="" class="absolute top-0 left-0" data-testid="productTileImage" height="" loading="lazy" src="https://i5.walmartimages.com/asr/6091cf7f-a029-411c-8d9a-49263f008438.fd17151f4ff180bfce0542ec9c901e05.jpeg?odnHeight=580&amp;odnWidth=580&amp;odnBg=FFFFFF" srcset="https://i5.walmartimages.com/asr/6091cf7f-a029-411c-8d9a-49263f008438.fd17151f4ff180bfce0542ec9c901e05.jpeg?odnHeight=290&amp;odnWidth=290&amp;odnBg=FFFFFF 1x, https://i5.walmartimages.com/asr/6091cf7f-a029-411c-8d9a-49263f008438.fd17151f4ff180bfce0542ec9c901e05.jpeg?odnHeight=580&amp;odnWidth=580&amp;odnBg=FFFFFF 2x" width=""/></div><div class="z-2 absolute bottom--1"><div class="dib relative"><a aria-label="Options - Cape Cod Potato Chips, Less Fat Original Kettle Chips, 8 Oz" class="w_6 w_8 w_AD pointer bn bg-blue hover-bg-dark-blue white sans-serif b w-auto ph2 flex items-center justify-center shadow-1" href="https://wrd.walmart.com/track?rdf=1&amp;adUid=fdf4d655-7db7-4ada-bc10-c136e1d6e5e5&amp;plmt=sp-browse-middle~desktop~&amp;tax=976759_976787_1001390&amp;pltfm=desktop&amp;eventST=click&amp;pgId=976759_976787_1001390&amp;spQs=TgC08JCIofhxr7xDvm7a0eL5IBTX-8VxI3JXDzVO6mK_dauc-jUEjOxivIWaPqmT6VCNU1tBfwDg05MI9Rxb9bM-OhD4Otwj4u66lj5RkWUYubELZNPuwFQkZkUeuq-Q5_c6dBePtg5LtyDTr5nqjF7zoSiypwJWZuvaoiBaZSI&amp;storeId=3081&amp;pt=browse&amp;pos=11&amp;bt=1&amp;mloc=sp-browse-middle&amp;bkt=2478&amp;rd=https%3A%2F%2Fwww.walmart.com%2Fip%2FCape-Cod-Potato-Chips-Less-Fat-Original-Kettle-Chips-8-Oz%2F22309156&amp;/ip/Cape-Cod-Potato-Chips-Less-Fat-Original-Kettle-Chips-8-Oz/22309156"><span class="mh2">Options</span></a></div></div></div><div class="mt5 mb1" data-testid="variant-1DIE9UDFRDB5" style="height: 24px;"><div class="flex items-center lh-title h2-l normal"><span class="gray f7">Sponsored</span></div></div></div><div class=""><div class="flex flex-wrap justify-start items-center lh-title mb2 mb1-m"><div class="b f5 f4-l black mr1 lh-copy">From $3.38</div></div><span class="w_AJ" style="-webkit-line-clamp: 3; padding-bottom: 0em; margin-bottom: 0em;"><span class="f6 f5-l normal dark-gray mb0 mt1 lh-title">Cape Cod Potato Chips, Less Fat Original Kettle Chips, 8 Oz</span></span><div class="mt2 flex items-center"><span class="black inline-flex mr1"><i aria-hidden="true" class="ld ld-StarFill" style="font-size: 12px; vertical-align: -0.175em;"></i><i aria-hidden="true" class="ld ld-StarFill" style="font-size: 12px; vertical-align: -0.175em;"></i><i aria-hidden="true" class="ld ld-StarFill" style="font-size: 12px; vertical-align: -0.175em;"></i><i aria-hidden="true" class="ld ld-StarFill" style="font-size: 12px; vertical-align: -0.175em;"></i><i aria-hidden="true" class="ld ld-StarHalf" style="font-size: 12px; vertical-align: -0.175em;"></i></span><span aria-hidden="true" class="sans-serif gray f7">419</span><span class="w_AM">4.7 out of 5 Stars. 419 reviews</span></div><div class="mv2 flex items-center"><div class="f7 mr1 blue b lh-copy">Save with</div><img alt="Walmart Plus" class="pr2 flex" height="20" loading="lazy" src="//i5.walmartimages.com/dfw/63fd9f59-ac39/29c6759d-7f14-49fa-bd3a-b870eb4fb8fb/v1/wplus-icon-blue.svg" width="20"/></div><div class="mt2 mb2"><span class="w_EN w_ET w_EX mr1 mt1 ph1">3+ day shipping</span></div></div></div></div></div></div><div class="mb1 ph1 pa0-xl bb b--near-white w-25"><div class="h-100 pb1-xl pr4-xl pv1 ph1"><div class="sans-serif mid-gray relative flex flex-column w-100" data-ad-component-type="wpa-tile" data-item-id="1OSH0FGY1KHL"><a class="absolute w-100 h-100 z-1" href="https://wrd.walmart.com/track?rdf=1&amp;adUid=fdf4d655-7db7-4ada-bc10-c136e1d6e5e5&amp;plmt=sp-browse-middle~desktop~&amp;tax=976759_976787_1001390&amp;pltfm=desktop&amp;eventST=click&amp;pgId=976759_976787_1001390&amp;spQs=Hv3Fc5AgB6_eMxcGIfJqFDdN5qd6VZn_-2D3yiGlsv-61xMNBZyBb8S8NuwK9fdaskM5o5c2LLEWF6EEOwc3FUHPI8wNVQyFLQaMJ6f6FbDGCNRjneReT0NPwkKsYpT99eV9tJw6YXBsddxXLMfbg0oiuGhPhhXCVhAT7YCumeU&amp;storeId=3081&amp;pt=browse&amp;pos=12&amp;bt=1&amp;mloc=sp-browse-middle&amp;bkt=2478&amp;rd=https%3A%2F%2Fwww.walmart.com%2Fip%2F42-ct-Utz-Variety-Snack-Pack-Box%2F682488016&amp;/ip/42-ct-Utz-Variety-Snack-Pack-Box/682488016" link-identifier="682488016"><span class="w_AM">42 ct Utz Variety Snack Pack Box </span></a><div class="" data-testid="list-view"><div class=""><div class="h2 relative mb2"></div><div class="relative"><div class="relative overflow-hidden" style="max-width: 290px; height: 0px; padding-bottom: min(290px, 100%); align-self: center; width: min(290px, 100%);"><img alt="" class="absolute top-0 left-0" data-testid="productTileImage" height="" loading="lazy" src="https://i5.walmartimages.com/asr/c36da2d1-34ea-4d31-af36-f5199a1fe518.96e26bb59a5e348e6bea3f21dc952e9d.jpeg?odnHeight=580&amp;odnWidth=580&amp;odnBg=FFFFFF" srcset="https://i5.walmartimages.com/asr/c36da2d1-34ea-4d31-af36-f5199a1fe518.96e26bb59a5e348e6bea3f21dc952e9d.jpeg?odnHeight=290&amp;odnWidth=290&amp;odnBg=FFFFFF 1x, https://i5.walmartimages.com/asr/c36da2d1-34ea-4d31-af36-f5199a1fe518.96e26bb59a5e348e6bea3f21dc952e9d.jpeg?odnHeight=580&amp;odnWidth=580&amp;odnBg=FFFFFF 2x" width=""/></div><div class="z-2 absolute bottom--1"><div class="dib relative"><button aria-label="Add to cart - 42 ct Utz Variety Snack Pack Box" class="w_6 w_8 w_AD pointer bn bg-blue hover-bg-dark-blue white sans-serif b w-auto ph2 flex items-center justify-center shadow-1" type="button"><i class="ld ld-Plus" style="font-size: 1.5rem; vertical-align: -0.25em;" title="add to cart"></i><span class="mr2">Add</span></button></div></div></div><div class="mt5 mb1" data-testid="variant-1OSH0FGY1KHL" style="height: 24px;"><div class="flex items-center lh-title h2-l normal"><span class="gray f7">Sponsored</span></div></div></div><div class=""><div class="flex flex-wrap justify-start items-center lh-title mb2 mb1-m"><div aria-hidden="true" class="b black f5 mr1 mr2-xl lh-copy f4-l">$12.98</div><span class="w_AM">current price $12.98</span><div aria-hidden="true" class="f7 f6-l strike gray mr3">$14.99</div><span class="w_AM">was $14.99</span><div class="f7 f6-l gray mr1">30.9 ¢/oz</div></div><span class="w_AJ" style="-webkit-line-clamp: 3; padding-bottom: 0em; margin-bottom: 0em;"><span class="f6 f5-l normal dark-gray mb0 mt1 lh-title">42 ct Utz Variety Snack Pack Box</span></span><div class="mt2 flex items-center"><span class="black inline-flex mr1"><i aria-hidden="true" class="ld ld-StarFill" style="font-size: 12px; vertical-align: -0.175em;"></i><i aria-hidden="true" class="ld ld-StarFill" style="font-size: 12px; vertical-align: -0.175em;"></i><i aria-hidden="true" class="ld ld-StarFill" style="font-size: 12px; vertical-align: -0.175em;"></i><i aria-hidden="true" class="ld ld-StarFill" style="font-size: 12px; vertical-align: -0.175em;"></i><i aria-hidden="true" class="ld ld-StarHalf" style="font-size: 12px; vertical-align: -0.175em;"></i></span><span aria-hidden="true" class="sans-serif gray f7">1250</span><span class="w_AM">4.6 out of 5 Stars. 1250 reviews</span></div><div class="mv2 flex items-center"><div class="f7 mr1 blue b lh-copy">Save with</div><img alt="Walmart Plus" class="pr2 flex" height="20" loading="lazy" src="//i5.walmartimages.com/dfw/63fd9f59-ac39/29c6759d-7f14-49fa-bd3a-b870eb4fb8fb/v1/wplus-icon-blue.svg" width="20"/></div><div class="mt2 mb2"><span class="w_EN w_ET w_EX mr1 mt1 ph1">1-day shipping</span></div></div></div></div></div></div><div class="mb1 ph1 pa0-xl bb b--near-white w-25"><div class="h-100 pb1-xl pr4-xl pv1 ph1"><div class="sans-serif mid-gray relative flex flex-column w-100" data-item-id="3BCI3ZA5JW6G"><a class="absolute w-100 h-100 z-1" href="/ip/Fritos-Original-Corn-Chips-9-25-oz/17056788?athbdg=L1300" link-identifier="17056788"><span class="w_AM">Fritos Original Corn Chips, 9.25 oz </span></a><div class="" data-testid="list-view"><div class=""><div class="h2 relative mb2"><span class="w_EN w_EQ w_EW absolute">Rollback</span></div><div class="relative"><div class="relative overflow-hidden" style="max-width: 290px; height: 0px; padding-bottom: min(290px, 100%); align-self: center; width: min(290px, 100%);"><img alt="" class="absolute top-0 left-0" data-testid="productTileImage" height="" loading="lazy" src="https://i5.walmartimages.com/asr/10d34172-a7dc-4339-9093-0622bf9c7a46.4db12b4bd8590213e9f3ed12291ca584.jpeg?odnHeight=580&amp;odnWidth=580&amp;odnBg=FFFFFF" srcset="https://i5.walmartimages.com/asr/10d34172-a7dc-4339-9093-0622bf9c7a46.4db12b4bd8590213e9f3ed12291ca584.jpeg?odnHeight=290&amp;odnWidth=290&amp;odnBg=FFFFFF 1x, https://i5.walmartimages.com/asr/10d34172-a7dc-4339-9093-0622bf9c7a46.4db12b4bd8590213e9f3ed12291ca584.jpeg?odnHeight=580&amp;odnWidth=580&amp;odnBg=FFFFFF 2x" width=""/></div><div class="z-2 absolute bottom--1"><div class="dib relative"><button aria-label="Add to cart - Fritos Original Corn Chips, 9.25 oz" class="w_6 w_8 w_AD pointer bn bg-blue hover-bg-dark-blue white sans-serif b w-auto ph2 flex items-center justify-center shadow-1" type="button"><i class="ld ld-Plus" style="font-size: 1.5rem; vertical-align: -0.25em;" title="add to cart"></i><span class="mr2">Add</span></button></div></div></div><div class="mt5 mb1" data-testid="variant-3BCI3ZA5JW6G" style="height: 24px;"></div></div><div class=""><div class="flex flex-wrap justify-start items-center lh-title mb2 mb1-m"><div aria-hidden="true" class="b black f5 mr1 mr2-xl lh-copy f4-l">$3.00</div><span class="w_AM">current price $3.00</span><div aria-hidden="true" class="f7 f6-l strike gray mr3">$3.48</div><span class="w_AM">was $3.48</span><div class="f7 f6-l gray mr1">32.4 ¢/oz</div></div><span class="w_AJ" style="-webkit-line-clamp: 3; padding-bottom: 0em; margin-bottom: 0em;"><span class="f6 f5-l normal dark-gray mb0 mt1 lh-title">Fritos Original Corn Chips, 9.25 oz</span></span><div class="mt2 flex items-center"><span class="black inline-flex mr1"><i aria-hidden="true" class="ld ld-StarFill" style="font-size: 12px; vertical-align: -0.175em;"></i><i aria-hidden="true" class="ld ld-StarFill" style="font-size: 12px; vertical-align: -0.175em;"></i><i aria-hidden="true" class="ld ld-StarFill" style="font-size: 12px; vertical-align: -0.175em;"></i><i aria-hidden="true" class="ld ld-StarHalf" style="font-size: 12px; vertical-align: -0.175em;"></i><i aria-hidden="true" class="ld ld-Star" style="font-size: 12px; vertical-align: -0.175em;"></i></span><span aria-hidden="true" class="sans-serif gray f7">116</span><span class="w_AM">3.3 out of 5 Stars. 116 reviews</span></div><div class="mv2 flex items-center"><div class="f7 mr1 blue b lh-copy">Save with</div><img alt="Walmart Plus" class="pr2 flex" height="20" loading="lazy" src="//i5.walmartimages.com/dfw/63fd9f59-ac39/29c6759d-7f14-49fa-bd3a-b870eb4fb8fb/v1/wplus-icon-blue.svg" width="20"/></div><div class="mt2 mb2"><span class="w_EN w_ET w_EX mr1 mt1 ph1">Pickup</span><span class="w_EN w_ET w_EX mr1 mt1 ph1">Delivery</span><span class="w_EN w_ET w_EX mr1 mt1 ph1">1-day shipping</span></div></div></div></div></div></div><div class="mb1 ph1 pa0-xl bb b--near-white w-25"><div class="h-100 pb1-xl pr4-xl pv1 ph1"><div class="sans-serif mid-gray relative flex flex-column w-100" data-item-id="0XEH4HPY7Q31"><a class="absolute w-100 h-100 z-1" href="/ip/Frito-Lay-Flavor-Mix-Snacks-Variety-Pack-18-Count-Assortment-May-Vary/491303556?athbdg=L1200" link-identifier="491303556"><span class="w_AM">Frito-Lay Flavor Mix Snacks Variety Pack, 18 Count (Assortment May Vary) </span></a><div class="" data-testid="list-view"><div class=""><div class="h2 relative mb2"><span class="w_EN w_ET w_EW absolute">Popular pick</span></div><div class="relative"><div class="relative overflow-hidden" style="max-width: 290px; height: 0px; padding-bottom: min(290px, 100%); align-self: center; width: min(290px, 100%);"><img alt="" class="absolute top-0 left-0" data-testid="productTileImage" height="" loading="lazy" src="https://i5.walmartimages.com/asr/f00aee3f-ccd6-431b-872c-349343432723.e6bcbf717ebbe509d2bd551339982ed7.jpeg?odnHeight=580&amp;odnWidth=580&amp;odnBg=FFFFFF" srcset="https://i5.walmartimages.com/asr/f00aee3f-ccd6-431b-872c-349343432723.e6bcbf717ebbe509d2bd551339982ed7.jpeg?odnHeight=290&amp;odnWidth=290&amp;odnBg=FFFFFF 1x, https://i5.walmartimages.com/asr/f00aee3f-ccd6-431b-872c-349343432723.e6bcbf717ebbe509d2bd551339982ed7.jpeg?odnHeight=580&amp;odnWidth=580&amp;odnBg=FFFFFF 2x" width=""/></div><div class="z-2 absolute bottom--1"><div class="dib relative"><button aria-label="Add to cart - Frito-Lay Flavor Mix Snacks Variety Pack, 18 Count (Assortment May Vary)" class="w_6 w_8 w_AD pointer bn bg-blue hover-bg-dark-blue white sans-serif b w-auto ph2 flex items-center justify-center shadow-1" type="button"><i class="ld ld-Plus" style="font-size: 1.5rem; vertical-align: -0.25em;" title="add to cart"></i><span class="mr2">Add</span></button></div></div></div><div class="mt5 mb1" data-testid="variant-0XEH4HPY7Q31" style="height: 24px;"></div></div><div class=""><div class="flex flex-wrap justify-start items-center lh-title mb2 mb1-m"><div aria-hidden="true" class="b black f5 mr1 mr2-xl lh-copy f4-l">$24.99</div><span class="w_AM">current price $24.99</span></div><span class="w_AJ" style="-webkit-line-clamp: 3; padding-bottom: 0em; margin-bottom: 0em;"><span class="f6 f5-l normal dark-gray mb0 mt1 lh-title">Frito-Lay Flavor Mix Snacks Variety Pack, 18 Count (Assortment May Vary)</span></span><div class="mt2 flex items-center"><span class="black inline-flex mr1"><i aria-hidden="true" class="ld ld-StarFill" style="font-size: 12px; vertical-align: -0.175em;"></i><i aria-hidden="true" class="ld ld-StarFill" style="font-size: 12px; vertical-align: -0.175em;"></i><i aria-hidden="true" class="ld ld-StarFill" style="font-size: 12px; vertical-align: -0.175em;"></i><i aria-hidden="true" class="ld ld-StarFill" style="font-size: 12px; vertical-align: -0.175em;"></i><i aria-hidden="true" class="ld ld-StarHalf" style="font-size: 12px; vertical-align: -0.175em;"></i></span><span aria-hidden="true" class="sans-serif gray f7">761</span><span class="w_AM">4.4 out of 5 Stars. 761 reviews</span></div><div class="mt2 mb2"><span class="w_EN w_ET w_EX mr1 mt1 ph1">3+ day shipping</span></div></div></div></div></div></div><div class="mb1 ph1 pa0-xl bb b--near-white w-25"><div class="h-100 pb1-xl pr4-xl pv1 ph1"><div class="sans-serif mid-gray relative flex flex-column w-100" data-item-id="6WQ42FAVUASO"><a class="absolute w-100 h-100 z-1" href="/ip/Santitas-Tortilla-Chips-11-Oz/22309171?athbdg=L1600" link-identifier="22309171"><span class="w_AM">Santitas Tortilla Chips, 11 Oz. </span></a><div class="" data-testid="list-view"><div class=""><div class="h2 relative mb2"><span class="w_EN w_ET w_EW absolute">Best seller</span></div><div class="relative"><div class="relative overflow-hidden" style="max-width: 290px; height: 0px; padding-bottom: min(290px, 100%); align-self: center; width: min(290px, 100%);"><img alt="" class="absolute top-0 left-0" data-testid="productTileImage" height="" loading="lazy" src="https://i5.walmartimages.com/asr/1b0a1112-01c3-47a3-a944-f5dea4f010f4.26990480e1a6bc58eb484d51edfa79b7.jpeg?odnHeight=580&amp;odnWidth=580&amp;odnBg=FFFFFF" srcset="https://i5.walmartimages.com/asr/1b0a1112-01c3-47a3-a944-f5dea4f010f4.26990480e1a6bc58eb484d51edfa79b7.jpeg?odnHeight=290&amp;odnWidth=290&amp;odnBg=FFFFFF 1x, https://i5.walmartimages.com/asr/1b0a1112-01c3-47a3-a944-f5dea4f010f4.26990480e1a6bc58eb484d51edfa79b7.jpeg?odnHeight=580&amp;odnWidth=580&amp;odnBg=FFFFFF 2x" width=""/></div><div class="z-2 absolute bottom--1"><div class="dib relative"><button aria-label="Add to cart - Santitas Tortilla Chips, 11 Oz." class="w_6 w_8 w_AD pointer bn bg-blue hover-bg-dark-blue white sans-serif b w-auto ph2 flex items-center justify-center shadow-1" type="button"><i class="ld ld-Plus" style="font-size: 1.5rem; vertical-align: -0.25em;" title="add to cart"></i><span class="mr2">Add</span></button></div></div></div><div class="mt5 mb1" data-testid="variant-6WQ42FAVUASO" style="height: 24px;"></div></div><div class=""><div class="flex flex-wrap justify-start items-center lh-title mb2 mb1-m"><div aria-hidden="true" class="b black f5 mr1 mr2-xl lh-copy f4-l">$2.28</div><span class="w_AM">current price $2.28</span><div class="f7 f6-l gray mr1">20.7 ¢/oz</div></div><span class="w_AJ" style="-webkit-line-clamp: 3; padding-bottom: 0em; margin-bottom: 0em;"><span class="f6 f5-l normal dark-gray mb0 mt1 lh-title">Santitas Tortilla Chips, 11 Oz.</span></span><div class="mt2 flex items-center"><span class="black inline-flex mr1"><i aria-hidden="true" class="ld ld-StarFill" style="font-size: 12px; vertical-align: -0.175em;"></i><i aria-hidden="true" class="ld ld-StarFill" style="font-size: 12px; vertical-align: -0.175em;"></i><i aria-hidden="true" class="ld ld-StarFill" style="font-size: 12px; vertical-align: -0.175em;"></i><i aria-hidden="true" class="ld ld-StarFill" style="font-size: 12px; vertical-align: -0.175em;"></i><i aria-hidden="true" class="ld ld-StarHalf" style="font-size: 12px; vertical-align: -0.175em;"></i></span><span aria-hidden="true" class="sans-serif gray f7">591</span><span class="w_AM">4.5 out of 5 Stars. 591 reviews</span></div><div class="mv2 flex items-center"><div class="f7 mr1 blue b lh-copy">Save with</div><img alt="Walmart Plus" class="pr2 flex" height="20" loading="lazy" src="//i5.walmartimages.com/dfw/63fd9f59-ac39/29c6759d-7f14-49fa-bd3a-b870eb4fb8fb/v1/wplus-icon-blue.svg" width="20"/></div><div class="mt2 mb2"><span class="w_EN w_ET w_EX mr1 mt1 ph1">Pickup</span><span class="w_EN w_ET w_EX mr1 mt1 ph1">Delivery</span><span class="w_EN w_ET w_EX mr1 mt1 ph1">1-day shipping</span></div></div></div></div></div></div><div class="mb1 ph1 pa0-xl bb b--near-white w-25"><div class="h-100 pb1-xl pr4-xl pv1 ph1"><div class="sans-serif mid-gray relative flex flex-column w-100" data-item-id="2ZF94NS68DPI"><a class="absolute w-100 h-100 z-1" href="/ip/Chesters-Flamin-Hot-Fries-Snacks-5-25-Oz/728242741?athbdg=L1600" link-identifier="728242741"><span class="w_AM">Chesters Flamin' Hot Fries Snacks, 5.25 Oz. </span></a><div class="" data-testid="list-view"><div class=""><div class="h2 relative mb2"><span class="w_EN w_ET w_EW absolute">Best seller</span></div><div class="relative"><div class="relative overflow-hidden" style="max-width: 290px; height: 0px; padding-bottom: min(290px, 100%); align-self: center; width: min(290px, 100%);"><img alt="" class="absolute top-0 left-0" data-testid="productTileImage" height="" loading="lazy" src="https://i5.walmartimages.com/asr/6b40efdf-c843-4a6f-a5c4-b4d7310e7076_1.5f7256273cdfc840d53cc4d0e5029b44.jpeg?odnHeight=580&amp;odnWidth=580&amp;odnBg=FFFFFF" srcset="https://i5.walmartimages.com/asr/6b40efdf-c843-4a6f-a5c4-b4d7310e7076_1.5f7256273cdfc840d53cc4d0e5029b44.jpeg?odnHeight=290&amp;odnWidth=290&amp;odnBg=FFFFFF 1x, https://i5.walmartimages.com/asr/6b40efdf-c843-4a6f-a5c4-b4d7310e7076_1.5f7256273cdfc840d53cc4d0e5029b44.jpeg?odnHeight=580&amp;odnWidth=580&amp;odnBg=FFFFFF 2x" width=""/></div><div class="z-2 absolute bottom--1"><div class="dib relative"><button aria-label="Add to cart - Chesters Flamin' Hot Fries Snacks, 5.25 Oz." class="w_6 w_8 w_AD pointer bn bg-blue hover-bg-dark-blue white sans-serif b w-auto ph2 flex items-center justify-center shadow-1" type="button"><i class="ld ld-Plus" style="font-size: 1.5rem; vertical-align: -0.25em;" title="add to cart"></i><span class="mr2">Add</span></button></div></div></div><div class="mt5 mb1" data-testid="variant-2ZF94NS68DPI" style="height: 24px;"></div></div><div class=""><div class="flex flex-wrap justify-start items-center lh-title mb2 mb1-m"><div aria-hidden="true" class="b black f5 mr1 mr2-xl lh-copy f4-l">$2.28</div><span class="w_AM">current price $2.28</span><div class="f7 f6-l gray mr1">43.4 ¢/oz</div></div><span class="w_AJ" style="-webkit-line-clamp: 3; padding-bottom: 0em; margin-bottom: 0em;"><span class="f6 f5-l normal dark-gray mb0 mt1 lh-title">Chesters Flamin' Hot Fries Snacks, 5.25 Oz.</span></span><div class="mt2 flex items-center"><span class="black inline-flex mr1"><i aria-hidden="true" class="ld ld-StarFill" style="font-size: 12px; vertical-align: -0.175em;"></i><i aria-hidden="true" class="ld ld-StarFill" style="font-size: 12px; vertical-align: -0.175em;"></i><i aria-hidden="true" class="ld ld-StarFill" style="font-size: 12px; vertical-align: -0.175em;"></i><i aria-hidden="true" class="ld ld-StarFill" style="font-size: 12px; vertical-align: -0.175em;"></i><i aria-hidden="true" class="ld ld-StarHalf" style="font-size: 12px; vertical-align: -0.175em;"></i></span><span aria-hidden="true" class="sans-serif gray f7">631</span><span class="w_AM">4.6 out of 5 Stars. 631 reviews</span></div><div class="mv2 flex items-center"><div class="f7 mr1 blue b lh-copy">Save with</div><img alt="Walmart Plus" class="pr2 flex" height="20" loading="lazy" src="//i5.walmartimages.com/dfw/63fd9f59-ac39/29c6759d-7f14-49fa-bd3a-b870eb4fb8fb/v1/wplus-icon-blue.svg" width="20"/></div><div class="mt2 mb2"><span class="w_EN w_ET w_EX mr1 mt1 ph1">1-day shipping</span></div></div></div></div></div></div><div class="mb1 ph1 pa0-xl bb b--near-white w-25"><div class="h-100 pb1-xl pr4-xl pv1 ph1"><div class="sans-serif mid-gray relative flex flex-column w-100" data-item-id="2MIF95NC50TK"><a class="absolute w-100 h-100 z-1" href="/ip/Fritos-Scoops-Original-Corn-Chips-9-25-Oz/49909692?athbdg=L1300" link-identifier="49909692"><span class="w_AM">Fritos Scoops! Original Corn Chips, 9.25 Oz. </span></a><div class="" data-testid="list-view"><div class=""><div class="h2 relative mb2"><span class="w_EN w_EQ w_EW absolute">Rollback</span></div><div class="relative"><div class="relative overflow-hidden" style="max-width: 290px; height: 0px; padding-bottom: min(290px, 100%); align-self: center; width: min(290px, 100%);"><img alt="" class="absolute top-0 left-0" data-testid="productTileImage" height="" loading="lazy" src="https://i5.walmartimages.com/asr/4f29717a-59ce-4775-a294-54f3fcfa12cc.f38a6542d67e476626668398a681a231.jpeg?odnHeight=580&amp;odnWidth=580&amp;odnBg=FFFFFF" srcset="https://i5.walmartimages.com/asr/4f29717a-59ce-4775-a294-54f3fcfa12cc.f38a6542d67e476626668398a681a231.jpeg?odnHeight=290&amp;odnWidth=290&amp;odnBg=FFFFFF 1x, https://i5.walmartimages.com/asr/4f29717a-59ce-4775-a294-54f3fcfa12cc.f38a6542d67e476626668398a681a231.jpeg?odnHeight=580&amp;odnWidth=580&amp;odnBg=FFFFFF 2x" width=""/></div><div class="z-2 absolute bottom--1"><div class="dib relative"><button aria-label="Add to cart - Fritos Scoops! Original Corn Chips, 9.25 Oz." class="w_6 w_8 w_AD pointer bn bg-blue hover-bg-dark-blue white sans-serif b w-auto ph2 flex items-center justify-center shadow-1" type="button"><i class="ld ld-Plus" style="font-size: 1.5rem; vertical-align: -0.25em;" title="add to cart"></i><span class="mr2">Add</span></button></div></div></div><div class="mt5 mb1" data-testid="variant-2MIF95NC50TK" style="height: 24px;"></div></div><div class=""><div class="flex flex-wrap justify-start items-center lh-title mb2 mb1-m"><div aria-hidden="true" class="b black f5 mr1 mr2-xl lh-copy f4-l">$3.00</div><span class="w_AM">current price $3.00</span><div aria-hidden="true" class="f7 f6-l strike gray mr3">$3.48</div><span class="w_AM">was $3.48</span><div class="f7 f6-l gray mr1">32.4 ¢/oz</div></div><span class="w_AJ" style="-webkit-line-clamp: 3; padding-bottom: 0em; margin-bottom: 0em;"><span class="f6 f5-l normal dark-gray mb0 mt1 lh-title">Fritos Scoops! Original Corn Chips, 9.25 Oz.</span></span><div class="mt2 flex items-center"><span class="black inline-flex mr1"><i aria-hidden="true" class="ld ld-StarFill" style="font-size: 12px; vertical-align: -0.175em;"></i><i aria-hidden="true" class="ld ld-StarFill" style="font-size: 12px; vertical-align: -0.175em;"></i><i aria-hidden="true" class="ld ld-StarFill" style="font-size: 12px; vertical-align: -0.175em;"></i><i aria-hidden="true" class="ld ld-StarFill" style="font-size: 12px; vertical-align: -0.175em;"></i><i aria-hidden="true" class="ld ld-StarHalf" style="font-size: 12px; vertical-align: -0.175em;"></i></span><span aria-hidden="true" class="sans-serif gray f7">496</span><span class="w_AM">4.4 out of 5 Stars. 496 reviews</span></div><div class="mv2 flex items-center"><div class="f7 mr1 blue b lh-copy">Save with</div><img alt="Walmart Plus" class="pr2 flex" height="20" loading="lazy" src="//i5.walmartimages.com/dfw/63fd9f59-ac39/29c6759d-7f14-49fa-bd3a-b870eb4fb8fb/v1/wplus-icon-blue.svg" width="20"/></div><div class="mt2 mb2"><span class="w_EN w_ET w_EX mr1 mt1 ph1">Pickup</span><span class="w_EN w_ET w_EX mr1 mt1 ph1">Delivery</span><span class="w_EN w_ET w_EX mr1 mt1 ph1">2-day shipping</span></div></div></div></div></div></div><div class="mb1 ph1 pa0-xl bb b--near-white w-25"><div class="h-100 pb1-xl pr4-xl pv1 ph1"><div class="sans-serif mid-gray relative flex flex-column w-100" data-item-id="1TM1KT0DH441"><a class="absolute w-100 h-100 z-1" href="/ip/Ruffles-Potato-Chips-Original-8-5-Oz/336304484?athbdg=L1600" link-identifier="336304484"><span class="w_AM">Ruffles Potato Chips Original 8.5 Oz </span></a><div class="" data-testid="list-view"><div class=""><div class="h2 relative mb2"><span class="w_EN w_ET w_EW absolute">Best seller</span></div><div class="relative"><div class="relative overflow-hidden" style="max-width: 290px; height: 0px; padding-bottom: min(290px, 100%); align-self: center; width: min(290px, 100%);"><img alt="" class="absolute top-0 left-0" data-testid="productTileImage" height="" loading="lazy" src="https://i5.walmartimages.com/asr/03925443-e67e-444b-a332-c92e472aa217.f21b416f216a885661af1376b9cc48c2.jpeg?odnHeight=580&amp;odnWidth=580&amp;odnBg=FFFFFF" srcset="https://i5.walmartimages.com/asr/03925443-e67e-444b-a332-c92e472aa217.f21b416f216a885661af1376b9cc48c2.jpeg?odnHeight=290&amp;odnWidth=290&amp;odnBg=FFFFFF 1x, https://i5.walmartimages.com/asr/03925443-e67e-444b-a332-c92e472aa217.f21b416f216a885661af1376b9cc48c2.jpeg?odnHeight=580&amp;odnWidth=580&amp;odnBg=FFFFFF 2x" width=""/></div><div class="z-2 absolute bottom--1"><div class="dib relative"><button aria-label="Add to cart - Ruffles Potato Chips Original 8.5 Oz" class="w_6 w_8 w_AD pointer bn bg-blue hover-bg-dark-blue white sans-serif b w-auto ph2 flex items-center justify-center shadow-1" type="button"><i class="ld ld-Plus" style="font-size: 1.5rem; vertical-align: -0.25em;" title="add to cart"></i><span class="mr2">Add</span></button></div></div></div><div class="mt5 mb1" data-testid="variant-1TM1KT0DH441" style="height: 24px;"></div></div><div class=""><div class="flex flex-wrap justify-start items-center lh-title mb2 mb1-m"><div aria-hidden="true" class="b black f5 mr1 mr2-xl lh-copy f4-l">$3.00</div><span class="w_AM">current price $3.00</span><div class="f7 f6-l gray mr1">35.3 ¢/oz</div></div><span class="w_AJ" style="-webkit-line-clamp: 3; padding-bottom: 0em; margin-bottom: 0em;"><span class="f6 f5-l normal dark-gray mb0 mt1 lh-title">Ruffles Potato Chips Original 8.5 Oz</span></span><div class="mt2 flex items-center"><span class="black inline-flex mr1"><i aria-hidden="true" class="ld ld-StarFill" style="font-size: 12px; vertical-align: -0.175em;"></i><i aria-hidden="true" class="ld ld-StarFill" style="font-size: 12px; vertical-align: -0.175em;"></i><i aria-hidden="true" class="ld ld-StarFill" style="font-size: 12px; vertical-align: -0.175em;"></i><i aria-hidden="true" class="ld ld-StarHalf" style="font-size: 12px; vertical-align: -0.175em;"></i><i aria-hidden="true" class="ld ld-Star" style="font-size: 12px; vertical-align: -0.175em;"></i></span><span aria-hidden="true" class="sans-serif gray f7">53</span><span class="w_AM">3.7 out of 5 Stars. 53 reviews</span></div><div class="mv2 flex items-center"><div class="f7 mr1 blue b lh-copy">Save with</div><img alt="Walmart Plus" class="pr2 flex" height="20" loading="lazy" src="//i5.walmartimages.com/dfw/63fd9f59-ac39/29c6759d-7f14-49fa-bd3a-b870eb4fb8fb/v1/wplus-icon-blue.svg" width="20"/></div><div class="mt2 mb2"><span class="w_EN w_ET w_EX mr1 mt1 ph1">Pickup</span><span class="w_EN w_ET w_EX mr1 mt1 ph1">Delivery</span><span class="w_EN w_ET w_EX mr1 mt1 ph1">1-day shipping</span></div></div></div></div></div></div><div class="mb1 ph1 pa0-xl bb b--near-white w-25"><div class="h-100 pb1-xl pr4-xl pv1 ph1"><div class="sans-serif mid-gray relative flex flex-column w-100" data-item-id="3ID2WSWFWTDT"><a class="absolute w-100 h-100 z-1" href="/ip/Funyuns-Onion-Flavored-Rings-6-oz-Bag/36915849?athbdg=L1600" link-identifier="36915849"><span class="w_AM">Funyuns Onion Flavored Rings, 6 oz Bag </span></a><div class="" data-testid="list-view"><div class=""><div class="h2 relative mb2"><span class="w_EN w_ET w_EW absolute">Best seller</span></div><div class="relative"><div class="relative overflow-hidden" style="max-width: 290px; height: 0px; padding-bottom: min(290px, 100%); align-self: center; width: min(290px, 100%);"><img alt="" class="absolute top-0 left-0" data-testid="productTileImage" height="" loading="lazy" src="https://i5.walmartimages.com/asr/49f618c4-3d32-49cf-a7d9-e0a31350abcd.5f151cfb530de0c8db672a43b23f4744.jpeg?odnHeight=580&amp;odnWidth=580&amp;odnBg=FFFFFF" srcset="https://i5.walmartimages.com/asr/49f618c4-3d32-49cf-a7d9-e0a31350abcd.5f151cfb530de0c8db672a43b23f4744.jpeg?odnHeight=290&amp;odnWidth=290&amp;odnBg=FFFFFF 1x, https://i5.walmartimages.com/asr/49f618c4-3d32-49cf-a7d9-e0a31350abcd.5f151cfb530de0c8db672a43b23f4744.jpeg?odnHeight=580&amp;odnWidth=580&amp;odnBg=FFFFFF 2x" width=""/></div><div class="z-2 absolute bottom--1"><div class="dib relative"><button aria-label="Add to cart - Funyuns Onion Flavored Rings, 6 oz Bag" class="w_6 w_8 w_AD pointer bn bg-blue hover-bg-dark-blue white sans-serif b w-auto ph2 flex items-center justify-center shadow-1" type="button"><i class="ld ld-Plus" style="font-size: 1.5rem; vertical-align: -0.25em;" title="add to cart"></i><span class="mr2">Add</span></button></div></div></div><div class="mt5 mb1" data-testid="variant-3ID2WSWFWTDT" style="height: 24px;"></div></div><div class=""><div class="flex flex-wrap justify-start items-center lh-title mb2 mb1-m"><div aria-hidden="true" class="b black f5 mr1 mr2-xl lh-copy f4-l">$4.28</div><span class="w_AM">current price $4.28</span><div class="f7 f6-l gray mr1">71.3 ¢/oz</div></div><span class="w_AJ" style="-webkit-line-clamp: 3; padding-bottom: 0em; margin-bottom: 0em;"><span class="f6 f5-l normal dark-gray mb0 mt1 lh-title">Funyuns Onion Flavored Rings, 6 oz Bag</span></span><div class="mt2 flex items-center"><span class="black inline-flex mr1"><i aria-hidden="true" class="ld ld-StarFill" style="font-size: 12px; vertical-align: -0.175em;"></i><i aria-hidden="true" class="ld ld-StarFill" style="font-size: 12px; vertical-align: -0.175em;"></i><i aria-hidden="true" class="ld ld-StarFill" style="font-size: 12px; vertical-align: -0.175em;"></i><i aria-hidden="true" class="ld ld-StarFill" style="font-size: 12px; vertical-align: -0.175em;"></i><i aria-hidden="true" class="ld ld-StarHalf" style="font-size: 12px; vertical-align: -0.175em;"></i></span><span aria-hidden="true" class="sans-serif gray f7">740</span><span class="w_AM">4.4 out of 5 Stars. 740 reviews</span></div><div class="mv2 flex items-center"><div class="f7 mr1 blue b lh-copy">Save with</div><img alt="Walmart Plus" class="pr2 flex" height="20" loading="lazy" src="//i5.walmartimages.com/dfw/63fd9f59-ac39/29c6759d-7f14-49fa-bd3a-b870eb4fb8fb/v1/wplus-icon-blue.svg" width="20"/></div><div class="mt2 mb2"><span class="w_EN w_ET w_EX mr1 mt1 ph1">Pickup</span><span class="w_EN w_ET w_EX mr1 mt1 ph1">Delivery</span></div></div></div></div></div></div><div class="mb1 ph1 pa0-xl bb b--near-white w-25"><div class="h-100 pb1-xl pr4-xl pv1 ph1"><div class="sans-serif mid-gray relative flex flex-column w-100" data-item-id="1Y7FMLU33A8O"><a class="absolute w-100 h-100 z-1" href="/ip/Cheetos-Puff-Cheese-Flavored-Snack-8-oz/36915845?athbdg=L1600" link-identifier="36915845"><span class="w_AM">Cheetos Puff Cheese Flavored Snack, 8 oz </span></a><div class="" data-testid="list-view"><div class=""><div class="h2 relative mb2"><span class="w_EN w_ET w_EW absolute">Best seller</span></div><div class="relative"><div class="relative overflow-hidden" style="max-width: 290px; height: 0px; padding-bottom: min(290px, 100%); align-self: center; width: min(290px, 100%);"><img alt="" class="absolute top-0 left-0" data-testid="productTileImage" height="" loading="lazy" src="https://i5.walmartimages.com/asr/04473502-0397-47b2-8106-64bcd3dea272.dbe6970630307c1f3d6a4f80f07ec393.jpeg?odnHeight=580&amp;odnWidth=580&amp;odnBg=FFFFFF" srcset="https://i5.walmartimages.com/asr/04473502-0397-47b2-8106-64bcd3dea272.dbe6970630307c1f3d6a4f80f07ec393.jpeg?odnHeight=290&amp;odnWidth=290&amp;odnBg=FFFFFF 1x, https://i5.walmartimages.com/asr/04473502-0397-47b2-8106-64bcd3dea272.dbe6970630307c1f3d6a4f80f07ec393.jpeg?odnHeight=580&amp;odnWidth=580&amp;odnBg=FFFFFF 2x" width=""/></div><div class="z-2 absolute bottom--1"><div class="dib relative"><button aria-label="Add to cart - Cheetos Puff Cheese Flavored Snack, 8 oz" class="w_6 w_8 w_AD pointer bn bg-blue hover-bg-dark-blue white sans-serif b w-auto ph2 flex items-center justify-center shadow-1" type="button"><i class="ld ld-Plus" style="font-size: 1.5rem; vertical-align: -0.25em;" title="add to cart"></i><span class="mr2">Add</span></button></div></div></div><div class="mt5 mb1" data-testid="variant-1Y7FMLU33A8O" style="height: 24px;"></div></div><div class=""><div class="flex flex-wrap justify-start items-center lh-title mb2 mb1-m"><div aria-hidden="true" class="b black f5 mr1 mr2-xl lh-copy f4-l">$3.48</div><span class="w_AM">current price $3.48</span><div class="f7 f6-l gray mr1">43.5 ¢/oz</div></div><span class="w_AJ" style="-webkit-line-clamp: 3; padding-bottom: 0em; margin-bottom: 0em;"><span class="f6 f5-l normal dark-gray mb0 mt1 lh-title">Cheetos Puff Cheese Flavored Snack, 8 oz</span></span><div class="mt2 flex items-center"><span class="black inline-flex mr1"><i aria-hidden="true" class="ld ld-StarFill" style="font-size: 12px; vertical-align: -0.175em;"></i><i aria-hidden="true" class="ld ld-StarFill" style="font-size: 12px; vertical-align: -0.175em;"></i><i aria-hidden="true" class="ld ld-StarFill" style="font-size: 12px; vertical-align: -0.175em;"></i><i aria-hidden="true" class="ld ld-StarFill" style="font-size: 12px; vertical-align: -0.175em;"></i><i aria-hidden="true" class="ld ld-StarFill" style="font-size: 12px; vertical-align: -0.175em;"></i></span><span aria-hidden="true" class="sans-serif gray f7">722</span><span class="w_AM">4.8 out of 5 Stars. 722 reviews</span></div><div class="mv2 flex items-center"><div class="f7 mr1 blue b lh-copy">Save with</div><img alt="Walmart Plus" class="pr2 flex" height="20" loading="lazy" src="//i5.walmartimages.com/dfw/63fd9f59-ac39/29c6759d-7f14-49fa-bd3a-b870eb4fb8fb/v1/wplus-icon-blue.svg" width="20"/></div><div class="mt2 mb2"><span class="w_EN w_ET w_EX mr1 mt1 ph1">Pickup</span><span class="w_EN w_ET w_EX mr1 mt1 ph1">Delivery</span><span class="w_EN w_ET w_EX mr1 mt1 ph1">1-day shipping</span></div></div></div></div></div></div><div class="mb1 ph1 pa0-xl bb b--near-white w-25"><div class="h-100 pb1-xl pr4-xl pv1 ph1"><div class="sans-serif mid-gray relative flex flex-column w-100" data-ad-component-type="wpa-tile" data-item-id="33CYX1R8KNTK"><a class="absolute w-100 h-100 z-1" href="https://wrd.walmart.com/track?rdf=1&amp;adUid=fdf4d655-7db7-4ada-bc10-c136e1d6e5e5&amp;plmt=sp-browse-middle~desktop~&amp;tax=976759_976787_1001390&amp;pltfm=desktop&amp;eventST=click&amp;pgId=976759_976787_1001390&amp;spQs=60-h2d0ckwvMWizthEXpTlpBzYlGJAF13vTWAYfTooe9_8F_b0Qj2GNKrGnsLHGVb5Na9UVzaMpxwBw8HGUp4MCx28ZJUJZaxCAhBaRqfzejtlezpoKDiJWlgQWc7vwcGBYEBZZL3x9jyJk70QuTRm92q288dDL1fZtqu9PIArg&amp;storeId=3081&amp;pt=browse&amp;pos=21&amp;bt=1&amp;mloc=sp-browse-middle&amp;bkt=2478&amp;rd=https%3A%2F%2Fwww.walmart.com%2Fip%2FQuaker-Rice-Cakes-Whole-Grain-Chocolate-7-23-Oz%2F13448658%3Fathbdg%3DL1600&amp;athbdg=L1600" link-identifier="13448658"><span class="w_AM">Quaker Rice Cakes, Whole Grain Chocolate, 7.23 Oz. </span></a><div class="" data-testid="list-view"><div class=""><div class="h2 relative mb2"><span class="w_EN w_ET w_EW absolute">Best seller</span></div><div class="relative"><div class="relative overflow-hidden" style="max-width: 290px; height: 0px; padding-bottom: min(290px, 100%); align-self: center; width: min(290px, 100%);"><img alt="" class="absolute top-0 left-0" data-testid="productTileImage" height="" loading="lazy" src="https://i5.walmartimages.com/asr/6600400c-bb4d-4cfb-b792-ce32faaeaec2_2.e450f0a19cf71d6a4a5edf8b4489584e.jpeg?odnHeight=580&amp;odnWidth=580&amp;odnBg=FFFFFF" srcset="https://i5.walmartimages.com/asr/6600400c-bb4d-4cfb-b792-ce32faaeaec2_2.e450f0a19cf71d6a4a5edf8b4489584e.jpeg?odnHeight=290&amp;odnWidth=290&amp;odnBg=FFFFFF 1x, https://i5.walmartimages.com/asr/6600400c-bb4d-4cfb-b792-ce32faaeaec2_2.e450f0a19cf71d6a4a5edf8b4489584e.jpeg?odnHeight=580&amp;odnWidth=580&amp;odnBg=FFFFFF 2x" width=""/></div><div class="z-2 absolute bottom--1"><div class="dib relative"><button aria-label="Add to cart - Quaker Rice Cakes, Whole Grain Chocolate, 7.23 Oz." class="w_6 w_8 w_AD pointer bn bg-blue hover-bg-dark-blue white sans-serif b w-auto ph2 flex items-center justify-center shadow-1" type="button"><i class="ld ld-Plus" style="font-size: 1.5rem; vertical-align: -0.25em;" title="add to cart"></i><span class="mr2">Add</span></button></div></div></div><div class="mt5 mb1" data-testid="variant-33CYX1R8KNTK" style="height: 24px;"><div class="flex items-center lh-title h2-l normal"><span class="gray f7">Sponsored</span></div></div></div><div class=""><div class="flex flex-wrap justify-start items-center lh-title mb2 mb1-m"><div aria-hidden="true" class="b black f5 mr1 mr2-xl lh-copy f4-l">$3.00</div><span class="w_AM">current price $3.00</span><div class="f7 f6-l gray mr1">41.5 ¢/oz</div></div><span class="w_AJ" style="-webkit-line-clamp: 3; padding-bottom: 0em; margin-bottom: 0em;"><span class="f6 f5-l normal dark-gray mb0 mt1 lh-title">Quaker Rice Cakes, Whole Grain Chocolate, 7.23 Oz.</span></span><div class="mt2 flex items-center"><span class="black inline-flex mr1"><i aria-hidden="true" class="ld ld-StarFill" style="font-size: 12px; vertical-align: -0.175em;"></i><i aria-hidden="true" class="ld ld-StarFill" style="font-size: 12px; vertical-align: -0.175em;"></i><i aria-hidden="true" class="ld ld-StarFill" style="font-size: 12px; vertical-align: -0.175em;"></i><i aria-hidden="true" class="ld ld-StarFill" style="font-size: 12px; vertical-align: -0.175em;"></i><i aria-hidden="true" class="ld ld-StarHalf" style="font-size: 12px; vertical-align: -0.175em;"></i></span><span aria-hidden="true" class="sans-serif gray f7">659</span><span class="w_AM">4.6 out of 5 Stars. 659 reviews</span></div><div class="mv2 flex items-center"><div class="f7 mr1 blue b lh-copy">Save with</div><img alt="Walmart Plus" class="pr2 flex" height="20" loading="lazy" src="//i5.walmartimages.com/dfw/63fd9f59-ac39/29c6759d-7f14-49fa-bd3a-b870eb4fb8fb/v1/wplus-icon-blue.svg" width="20"/></div><div class="mt2 mb2"><span class="w_EN w_ET w_EX mr1 mt1 ph1">Pickup</span><span class="w_EN w_ET w_EX mr1 mt1 ph1">Delivery</span><span class="w_EN w_ET w_EX mr1 mt1 ph1">1-day shipping</span></div></div></div></div></div></div><div class="mb1 ph1 pa0-xl bb b--near-white w-25"><div class="h-100 pb1-xl pr4-xl pv1 ph1"><div class="sans-serif mid-gray relative flex flex-column w-100" data-ad-component-type="wpa-tile" data-item-id="6NG0MDFJYBVP"><a class="absolute w-100 h-100 z-1" href="https://wrd.walmart.com/track?rdf=1&amp;adUid=fdf4d655-7db7-4ada-bc10-c136e1d6e5e5&amp;plmt=sp-browse-middle~desktop~&amp;tax=976759_976787_1001390&amp;pltfm=desktop&amp;eventST=click&amp;pgId=976759_976787_1001390&amp;spQs=AS4Tq8aDCicqS4EDUUfsBlpBzYlGJAF13vTWAYfTooe9_8F_b0Qj2GNKrGnsLHGVb5Na9UVzaMpxwBw8HGUp4MCx28ZJUJZaxCAhBaRqfzePgi07UZUnYL3G6KgKz_shvxXJpvoNt2boaL0oKGSGCG92q288dDL1fZtqu9PIArg&amp;storeId=3081&amp;pt=browse&amp;pos=22&amp;bt=1&amp;mloc=sp-browse-middle&amp;bkt=2478&amp;rd=https%3A%2F%2Fwww.walmart.com%2Fip%2FQuaker-Rice-Cakes-Apple-Cinnamon-6-53-Oz%2F36929091&amp;/ip/Quaker-Rice-Cakes-Apple-Cinnamon-6-53-Oz/36929091" link-identifier="36929091"><span class="w_AM">Quaker Rice Cakes, Apple Cinnamon, 6.53 Oz </span></a><div class="" data-testid="list-view"><div class=""><div class="h2 relative mb2"></div><div class="relative"><div class="relative overflow-hidden" style="max-width: 290px; height: 0px; padding-bottom: min(290px, 100%); align-self: center; width: min(290px, 100%);"><img alt="" class="absolute top-0 left-0" data-testid="productTileImage" height="" loading="lazy" src="https://i5.walmartimages.com/asr/e74d0390-400d-4fd8-9f4b-078d80131a31_1.c46cd0292c9ee794f44db46a58301018.jpeg?odnHeight=580&amp;odnWidth=580&amp;odnBg=FFFFFF" srcset="https://i5.walmartimages.com/asr/e74d0390-400d-4fd8-9f4b-078d80131a31_1.c46cd0292c9ee794f44db46a58301018.jpeg?odnHeight=290&amp;odnWidth=290&amp;odnBg=FFFFFF 1x, https://i5.walmartimages.com/asr/e74d0390-400d-4fd8-9f4b-078d80131a31_1.c46cd0292c9ee794f44db46a58301018.jpeg?odnHeight=580&amp;odnWidth=580&amp;odnBg=FFFFFF 2x" width=""/></div><div class="z-2 absolute bottom--1"><div class="dib relative"><button aria-label="Add to cart - Quaker Rice Cakes, Apple Cinnamon, 6.53 Oz" class="w_6 w_8 w_AD pointer bn bg-blue hover-bg-dark-blue white sans-serif b w-auto ph2 flex items-center justify-center shadow-1" type="button"><i class="ld ld-Plus" style="font-size: 1.5rem; vertical-align: -0.25em;" title="add to cart"></i><span class="mr2">Add</span></button></div></div></div><div class="mt5 mb1" data-testid="variant-6NG0MDFJYBVP" style="height: 24px;"><div class="flex items-center lh-title h2-l normal"><span class="gray f7">Sponsored</span></div></div></div><div class=""><div class="flex flex-wrap justify-start items-center lh-title mb2 mb1-m"><div aria-hidden="true" class="b black f5 mr1 mr2-xl lh-copy f4-l">$3.00</div><span class="w_AM">current price $3.00</span><div class="f7 f6-l gray mr1">45.9 ¢/oz</div></div><span class="w_AJ" style="-webkit-line-clamp: 3; padding-bottom: 0em; margin-bottom: 0em;"><span class="f6 f5-l normal dark-gray mb0 mt1 lh-title">Quaker Rice Cakes, Apple Cinnamon, 6.53 Oz</span></span><div class="mt2 flex items-center"><span class="black inline-flex mr1"><i aria-hidden="true" class="ld ld-StarFill" style="font-size: 12px; vertical-align: -0.175em;"></i><i aria-hidden="true" class="ld ld-StarFill" style="font-size: 12px; vertical-align: -0.175em;"></i><i aria-hidden="true" class="ld ld-StarFill" style="font-size: 12px; vertical-align: -0.175em;"></i><i aria-hidden="true" class="ld ld-StarFill" style="font-size: 12px; vertical-align: -0.175em;"></i><i aria-hidden="true" class="ld ld-StarHalf" style="font-size: 12px; vertical-align: -0.175em;"></i></span><span aria-hidden="true" class="sans-serif gray f7">322</span><span class="w_AM">4.7 out of 5 Stars. 322 reviews</span></div><div class="mv2 flex items-center"><div class="f7 mr1 blue b lh-copy">Save with</div><img alt="Walmart Plus" class="pr2 flex" height="20" loading="lazy" src="//i5.walmartimages.com/dfw/63fd9f59-ac39/29c6759d-7f14-49fa-bd3a-b870eb4fb8fb/v1/wplus-icon-blue.svg" width="20"/></div><div class="mt2 mb2"><span class="w_EN w_ET w_EX mr1 mt1 ph1">Pickup</span><span class="w_EN w_ET w_EX mr1 mt1 ph1">Delivery</span><span class="w_EN w_ET w_EX mr1 mt1 ph1">1-day shipping</span></div></div></div></div></div></div><div class="mb1 ph1 pa0-xl bb b--near-white w-25"><div class="h-100 pb1-xl pr4-xl pv1 ph1"><div class="sans-serif mid-gray relative flex flex-column w-100" data-item-id="6GK4M33UDT48"><a class="absolute w-100 h-100 z-1" href="/ip/Great-Value-Restaurant-Style-White-Corn-Tortilla-Chips-13-oz/12335104" link-identifier="12335104"><span class="w_AM">Great Value Restaurant Style White Corn Tortilla Chips, 13 oz </span></a><div class="" data-testid="list-view"><div class=""><div class="h2 relative mb2"></div><div class="relative"><div class="relative overflow-hidden" style="max-width: 290px; height: 0px; padding-bottom: min(290px, 100%); align-self: center; width: min(290px, 100%);"><img alt="" class="absolute top-0 left-0" data-testid="productTileImage" height="" loading="lazy" src="https://i5.walmartimages.com/asr/33b5b638-bd70-49d8-a125-516773c0b68e_2.65b4972866e57a41cc8b79f42b5a5102.jpeg?odnHeight=580&amp;odnWidth=580&amp;odnBg=FFFFFF" srcset="https://i5.walmartimages.com/asr/33b5b638-bd70-49d8-a125-516773c0b68e_2.65b4972866e57a41cc8b79f42b5a5102.jpeg?odnHeight=290&amp;odnWidth=290&amp;odnBg=FFFFFF 1x, https://i5.walmartimages.com/asr/33b5b638-bd70-49d8-a125-516773c0b68e_2.65b4972866e57a41cc8b79f42b5a5102.jpeg?odnHeight=580&amp;odnWidth=580&amp;odnBg=FFFFFF 2x" width=""/></div><div class="z-2 absolute bottom--1"><div class="dib relative"><button aria-label="Add to cart - Great Value Restaurant Style White Corn Tortilla Chips, 13 oz" class="w_6 w_8 w_AD pointer bn bg-blue hover-bg-dark-blue white sans-serif b w-auto ph2 flex items-center justify-center shadow-1" type="button"><i class="ld ld-Plus" style="font-size: 1.5rem; vertical-align: -0.25em;" title="add to cart"></i><span class="mr2">Add</span></button></div></div></div><div class="mt5 mb1" data-testid="variant-6GK4M33UDT48" style="height: 24px;"></div></div><div class=""><div class="flex flex-wrap justify-start items-center lh-title mb2 mb1-m"><div aria-hidden="true" class="b black f5 mr1 mr2-xl lh-copy f4-l">$1.74</div><span class="w_AM">current price $1.74</span><div class="f7 f6-l gray mr1">13.4 ¢/oz</div></div><span class="w_AJ" style="-webkit-line-clamp: 3; padding-bottom: 0em; margin-bottom: 0em;"><span class="f6 f5-l normal dark-gray mb0 mt1 lh-title">Great Value Restaurant Style White Corn Tortilla Chips, 13 oz</span></span><div class="mt2 flex items-center"><span class="black inline-flex mr1"><i aria-hidden="true" class="ld ld-StarFill" style="font-size: 12px; vertical-align: -0.175em;"></i><i aria-hidden="true" class="ld ld-StarFill" style="font-size: 12px; vertical-align: -0.175em;"></i><i aria-hidden="true" class="ld ld-StarFill" style="font-size: 12px; vertical-align: -0.175em;"></i><i aria-hidden="true" class="ld ld-StarFill" style="font-size: 12px; vertical-align: -0.175em;"></i><i aria-hidden="true" class="ld ld-Star" style="font-size: 12px; vertical-align: -0.175em;"></i></span><span aria-hidden="true" class="sans-serif gray f7">521</span><span class="w_AM">4.2 out of 5 Stars. 521 reviews</span></div><div class="mv2 flex items-center"><div class="f7 mr1 blue b lh-copy">Save with</div><img alt="Walmart Plus" class="pr2 flex" height="20" loading="lazy" src="//i5.walmartimages.com/dfw/63fd9f59-ac39/29c6759d-7f14-49fa-bd3a-b870eb4fb8fb/v1/wplus-icon-blue.svg" width="20"/></div><div class="mt2 mb2"><span class="w_EN w_ET w_EX mr1 mt1 ph1">Pickup</span><span class="w_EN w_ET w_EX mr1 mt1 ph1">Delivery</span><span class="w_EN w_ET w_EX mr1 mt1 ph1">1-day shipping</span></div></div></div></div></div></div><div class="mb1 ph1 pa0-xl bb b--near-white w-25"><div class="h-100 pb1-xl pr4-xl pv1 ph1"><div class="sans-serif mid-gray relative flex flex-column w-100" data-item-id="1BR8WA64LMQI"><a class="absolute w-100 h-100 z-1" href="/ip/Pringles-Potato-Crisps-Chips-Lunch-Snacks-On-The-Go-Snacks-Sour-Cream-and-Onion-5-5-Oz-Can/108065286?athbdg=L1600" link-identifier="108065286"><span class="w_AM">Pringles Potato Crisps Chips, Lunch Snacks, On The Go Snacks, Sour Cream and Onion, 5.5 Oz, Can </span></a><div class="" data-testid="list-view"><div class=""><div class="h2 relative mb2"><span class="w_EN w_ET w_EW absolute">Best seller</span></div><div class="relative"><div class="relative overflow-hidden" style="max-width: 290px; height: 0px; padding-bottom: min(290px, 100%); align-self: center; width: min(290px, 100%);"><img alt="" class="absolute top-0 left-0" data-testid="productTileImage" height="" loading="lazy" src="https://i5.walmartimages.com/asr/0080a304-703e-445d-9fd0-d3ec23ae4665.3f2af747cf6b3a709f64bbfb50471084.jpeg?odnHeight=580&amp;odnWidth=580&amp;odnBg=FFFFFF" srcset="https://i5.walmartimages.com/asr/0080a304-703e-445d-9fd0-d3ec23ae4665.3f2af747cf6b3a709f64bbfb50471084.jpeg?odnHeight=290&amp;odnWidth=290&amp;odnBg=FFFFFF 1x, https://i5.walmartimages.com/asr/0080a304-703e-445d-9fd0-d3ec23ae4665.3f2af747cf6b3a709f64bbfb50471084.jpeg?odnHeight=580&amp;odnWidth=580&amp;odnBg=FFFFFF 2x" width=""/></div><div class="z-2 absolute bottom--1"><div class="dib relative"><button aria-label="Add to cart - Pringles Potato Crisps Chips, Lunch Snacks, On The Go Snacks, Sour Cream and Onion, 5.5 Oz, Can" class="w_6 w_8 w_AD pointer bn bg-blue hover-bg-dark-blue white sans-serif b w-auto ph2 flex items-center justify-center shadow-1" type="button"><i class="ld ld-Plus" style="font-size: 1.5rem; vertical-align: -0.25em;" title="add to cart"></i><span class="mr2">Add</span></button></div></div></div><div class="mt5 mb1" data-testid="variant-1BR8WA64LMQI" style="height: 24px;"></div></div><div class=""><div class="flex flex-wrap justify-start items-center lh-title mb2 mb1-m"><div aria-hidden="true" class="b black f5 mr1 mr2-xl lh-copy f4-l">$1.78</div><span class="w_AM">current price $1.78</span><div class="f7 f6-l gray mr1">32.4 ¢/oz</div></div><span class="w_AJ" style="-webkit-line-clamp: 3; padding-bottom: 0em; margin-bottom: 0em;"><span class="f6 f5-l normal dark-gray mb0 mt1 lh-title">Pringles Potato Crisps Chips, Lunch Snacks, On The Go Snacks, Sour Cream and Onion, 5.5 Oz, Can</span></span><div class="mt2 flex items-center"><span class="black inline-flex mr1"><i aria-hidden="true" class="ld ld-StarFill" style="font-size: 12px; vertical-align: -0.175em;"></i><i aria-hidden="true" class="ld ld-StarFill" style="font-size: 12px; vertical-align: -0.175em;"></i><i aria-hidden="true" class="ld ld-StarFill" style="font-size: 12px; vertical-align: -0.175em;"></i><i aria-hidden="true" class="ld ld-StarFill" style="font-size: 12px; vertical-align: -0.175em;"></i><i aria-hidden="true" class="ld ld-StarHalf" style="font-size: 12px; vertical-align: -0.175em;"></i></span><span aria-hidden="true" class="sans-serif gray f7">1261</span><span class="w_AM">4.3 out of 5 Stars. 1261 reviews</span></div><div class="mv2 flex items-center"><div class="f7 mr1 blue b lh-copy">Save with</div><img alt="Walmart Plus" class="pr2 flex" height="20" loading="lazy" src="//i5.walmartimages.com/dfw/63fd9f59-ac39/29c6759d-7f14-49fa-bd3a-b870eb4fb8fb/v1/wplus-icon-blue.svg" width="20"/></div><div class="mt2 mb2"><span class="w_EN w_ET w_EX mr1 mt1 ph1">Pickup</span><span class="w_EN w_ET w_EX mr1 mt1 ph1">Delivery</span></div></div></div></div></div></div><div class="mb1 ph1 pa0-xl bb b--near-white w-25"><div class="h-100 pb1-xl pr4-xl pv1 ph1"><div class="sans-serif mid-gray relative flex flex-column w-100" data-item-id="1YB6ZOH33B2B"><a class="absolute w-100 h-100 z-1" href="/ip/Smartfood-White-Cheddar-Popcorn-6-75-oz-Bag/171369548" link-identifier="171369548"><span class="w_AM">Smartfood White Cheddar Popcorn, 6.75 oz Bag </span></a><div class="" data-testid="list-view"><div class=""><div class="h2 relative mb2"></div><div class="relative"><div class="relative overflow-hidden" style="max-width: 290px; height: 0px; padding-bottom: min(290px, 100%); align-self: center; width: min(290px, 100%);"><img alt="" class="absolute top-0 left-0" data-testid="productTileImage" height="" loading="lazy" src="https://i5.walmartimages.com/asr/994bc3b2-b818-45a6-935a-11c3e5664868.b08c2f8be8b5bd73ec493fad5e613fdf.jpeg?odnHeight=580&amp;odnWidth=580&amp;odnBg=FFFFFF" srcset="https://i5.walmartimages.com/asr/994bc3b2-b818-45a6-935a-11c3e5664868.b08c2f8be8b5bd73ec493fad5e613fdf.jpeg?odnHeight=290&amp;odnWidth=290&amp;odnBg=FFFFFF 1x, https://i5.walmartimages.com/asr/994bc3b2-b818-45a6-935a-11c3e5664868.b08c2f8be8b5bd73ec493fad5e613fdf.jpeg?odnHeight=580&amp;odnWidth=580&amp;odnBg=FFFFFF 2x" width=""/></div><div class="z-2 absolute bottom--1"><div class="dib relative"><button aria-label="Add to cart - Smartfood White Cheddar Popcorn, 6.75 oz Bag" class="w_6 w_8 w_AD pointer bn bg-blue hover-bg-dark-blue white sans-serif b w-auto ph2 flex items-center justify-center shadow-1" type="button"><i class="ld ld-Plus" style="font-size: 1.5rem; vertical-align: -0.25em;" title="add to cart"></i><span class="mr2">Add</span></button></div></div></div><div class="mt5 mb1" data-testid="variant-1YB6ZOH33B2B" style="height: 24px;"></div></div><div class=""><div class="flex flex-wrap justify-start items-center lh-title mb2 mb1-m"><div aria-hidden="true" class="b black f5 mr1 mr2-xl lh-copy f4-l">$3.28</div><span class="w_AM">current price $3.28</span><div class="f7 f6-l gray mr1">48.6 ¢/oz</div></div><span class="w_AJ" style="-webkit-line-clamp: 3; padding-bottom: 0em; margin-bottom: 0em;"><span class="f6 f5-l normal dark-gray mb0 mt1 lh-title">Smartfood White Cheddar Popcorn, 6.75 oz Bag</span></span><div class="mt2 flex items-center"><span class="black inline-flex mr1"><i aria-hidden="true" class="ld ld-StarFill" style="font-size: 12px; vertical-align: -0.175em;"></i><i aria-hidden="true" class="ld ld-StarFill" style="font-size: 12px; vertical-align: -0.175em;"></i><i aria-hidden="true" class="ld ld-StarFill" style="font-size: 12px; vertical-align: -0.175em;"></i><i aria-hidden="true" class="ld ld-StarFill" style="font-size: 12px; vertical-align: -0.175em;"></i><i aria-hidden="true" class="ld ld-StarHalf" style="font-size: 12px; vertical-align: -0.175em;"></i></span><span aria-hidden="true" class="sans-serif gray f7">108</span><span class="w_AM">4.4 out of 5 Stars. 108 reviews</span></div><div class="mv2 flex items-center"><div class="f7 mr1 blue b lh-copy">Save with</div><img alt="Walmart Plus" class="pr2 flex" height="20" loading="lazy" src="//i5.walmartimages.com/dfw/63fd9f59-ac39/29c6759d-7f14-49fa-bd3a-b870eb4fb8fb/v1/wplus-icon-blue.svg" width="20"/></div><div class="mt2 mb2"><span class="w_EN w_ET w_EX mr1 mt1 ph1">Pickup</span><span class="w_EN w_ET w_EX mr1 mt1 ph1">Delivery</span><span class="w_EN w_ET w_EX mr1 mt1 ph1">2-day shipping</span></div></div></div></div></div></div><div class="mb1 ph1 pa0-xl bb b--near-white w-25"><div class="h-100 pb1-xl pr4-xl pv1 ph1"><div class="sans-serif mid-gray relative flex flex-column w-100" data-item-id="43PT0BD3F2ZK"><a class="absolute w-100 h-100 z-1" href="/ip/Tostitos-Bite-Size-Tortilla-Round-Chips-12-oz/971901439?athbdg=L1600" link-identifier="971901439"><span class="w_AM">Tostitos Bite Size Tortilla Round Chips, 12 oz </span></a><div class="" data-testid="list-view"><div class=""><div class="h2 relative mb2"><span class="w_EN w_ET w_EW absolute">Best seller</span></div><div class="relative"><div class="relative overflow-hidden" style="max-width: 290px; height: 0px; padding-bottom: min(290px, 100%); align-self: center; width: min(290px, 100%);"><img alt="" class="absolute top-0 left-0" data-testid="productTileImage" height="" loading="lazy" src="https://i5.walmartimages.com/asr/95ff5426-f2b7-4dbd-8f19-6431012ee3f0.0c43ef1ae7ad75278cc273bdd3e8606d.jpeg?odnHeight=580&amp;odnWidth=580&amp;odnBg=FFFFFF" srcset="https://i5.walmartimages.com/asr/95ff5426-f2b7-4dbd-8f19-6431012ee3f0.0c43ef1ae7ad75278cc273bdd3e8606d.jpeg?odnHeight=290&amp;odnWidth=290&amp;odnBg=FFFFFF 1x, https://i5.walmartimages.com/asr/95ff5426-f2b7-4dbd-8f19-6431012ee3f0.0c43ef1ae7ad75278cc273bdd3e8606d.jpeg?odnHeight=580&amp;odnWidth=580&amp;odnBg=FFFFFF 2x" width=""/></div><div class="z-2 absolute bottom--1"><div class="dib relative"><button aria-label="Add to cart - Tostitos Bite Size Tortilla Round Chips, 12 oz" class="w_6 w_8 w_AD pointer bn bg-blue hover-bg-dark-blue white sans-serif b w-auto ph2 flex items-center justify-center shadow-1" type="button"><i class="ld ld-Plus" style="font-size: 1.5rem; vertical-align: -0.25em;" title="add to cart"></i><span class="mr2">Add</span></button></div></div></div><div class="mt5 mb1" data-testid="variant-43PT0BD3F2ZK" style="height: 24px;"></div></div><div class=""><div class="flex flex-wrap justify-start items-center lh-title mb2 mb1-m"><div aria-hidden="true" class="b black f5 mr1 mr2-xl lh-copy f4-l">$3.48</div><span class="w_AM">current price $3.48</span><div class="f7 f6-l gray mr1">29.0 ¢/oz</div></div><span class="w_AJ" style="-webkit-line-clamp: 3; padding-bottom: 0em; margin-bottom: 0em;"><span class="f6 f5-l normal dark-gray mb0 mt1 lh-title">Tostitos Bite Size Tortilla Round Chips, 12 oz</span></span><div class="mt2 flex items-center"><span class="black inline-flex mr1"><i aria-hidden="true" class="ld ld-StarFill" style="font-size: 12px; vertical-align: -0.175em;"></i><i aria-hidden="true" class="ld ld-StarFill" style="font-size: 12px; vertical-align: -0.175em;"></i><i aria-hidden="true" class="ld ld-StarFill" style="font-size: 12px; vertical-align: -0.175em;"></i><i aria-hidden="true" class="ld ld-StarFill" style="font-size: 12px; vertical-align: -0.175em;"></i><i aria-hidden="true" class="ld ld-Star" style="font-size: 12px; vertical-align: -0.175em;"></i></span><span aria-hidden="true" class="sans-serif gray f7">37</span><span class="w_AM">4 out of 5 Stars. 37 reviews</span></div><div class="mv2 flex items-center"><div class="f7 mr1 blue b lh-copy">Save with</div><img alt="Walmart Plus" class="pr2 flex" height="20" loading="lazy" src="//i5.walmartimages.com/dfw/63fd9f59-ac39/29c6759d-7f14-49fa-bd3a-b870eb4fb8fb/v1/wplus-icon-blue.svg" width="20"/></div><div class="mt2 mb2"><span class="w_EN w_ET w_EX mr1 mt1 ph1">Pickup</span><span class="w_EN w_ET w_EX mr1 mt1 ph1">Delivery</span><span class="w_EN w_ET w_EX mr1 mt1 ph1">1-day shipping</span></div></div></div></div></div></div><div class="mb1 ph1 pa0-xl bb b--near-white w-25"><div class="h-100 pb1-xl pr4-xl pv1 ph1"><div class="sans-serif mid-gray relative flex flex-column w-100" data-item-id="362KL5Q6ZQK5"><a class="absolute w-100 h-100 z-1" href="/ip/Ruffles-Potato-Chips-Cheddar-Sour-Cream-Flavored-12-5-Oz/411914231" link-identifier="411914231"><span class="w_AM">Ruffles Potato Chips Cheddar &amp; Sour Cream Flavored 12.5 Oz </span></a><div class="" data-testid="list-view"><div class=""><div class="h2 relative mb2"></div><div class="relative"><div class="relative overflow-hidden" style="max-width: 290px; height: 0px; padding-bottom: min(290px, 100%); align-self: center; width: min(290px, 100%);"><img alt="" class="absolute top-0 left-0" data-testid="productTileImage" height="" loading="lazy" src="https://i5.walmartimages.com/asr/a20bde21-cafa-45bb-8d99-4dfbd1fb456c.e6e863612e609cf701751259f37ff4de.jpeg?odnHeight=580&amp;odnWidth=580&amp;odnBg=FFFFFF" srcset="https://i5.walmartimages.com/asr/a20bde21-cafa-45bb-8d99-4dfbd1fb456c.e6e863612e609cf701751259f37ff4de.jpeg?odnHeight=290&amp;odnWidth=290&amp;odnBg=FFFFFF 1x, https://i5.walmartimages.com/asr/a20bde21-cafa-45bb-8d99-4dfbd1fb456c.e6e863612e609cf701751259f37ff4de.jpeg?odnHeight=580&amp;odnWidth=580&amp;odnBg=FFFFFF 2x" width=""/></div><div class="z-2 absolute bottom--1"><div class="dib relative"><button aria-label="Add to cart - Ruffles Potato Chips Cheddar &amp; Sour Cream Flavored 12.5 Oz" class="w_6 w_8 w_AD pointer bn bg-blue hover-bg-dark-blue white sans-serif b w-auto ph2 flex items-center justify-center shadow-1" type="button"><i class="ld ld-Plus" style="font-size: 1.5rem; vertical-align: -0.25em;" title="add to cart"></i><span class="mr2">Add</span></button></div></div></div><div class="mt5 mb1" data-testid="variant-362KL5Q6ZQK5" style="height: 24px;"></div></div><div class=""><div class="flex flex-wrap justify-start items-center lh-title mb2 mb1-m"><div aria-hidden="true" class="b black f5 mr1 mr2-xl lh-copy f4-l">$4.48</div><span class="w_AM">current price $4.48</span><div class="f7 f6-l gray mr1">35.8 ¢/oz</div></div><span class="w_AJ" style="-webkit-line-clamp: 3; padding-bottom: 0em; margin-bottom: 0em;"><span class="f6 f5-l normal dark-gray mb0 mt1 lh-title">Ruffles Potato Chips Cheddar &amp; Sour Cream Flavored 12.5 Oz</span></span><div class="mt2 flex items-center"><span class="black inline-flex mr1"><i aria-hidden="true" class="ld ld-StarFill" style="font-size: 12px; vertical-align: -0.175em;"></i><i aria-hidden="true" class="ld ld-StarFill" style="font-size: 12px; vertical-align: -0.175em;"></i><i aria-hidden="true" class="ld ld-StarFill" style="font-size: 12px; vertical-align: -0.175em;"></i><i aria-hidden="true" class="ld ld-StarFill" style="font-size: 12px; vertical-align: -0.175em;"></i><i aria-hidden="true" class="ld ld-Star" style="font-size: 12px; vertical-align: -0.175em;"></i></span><span aria-hidden="true" class="sans-serif gray f7">108</span><span class="w_AM">4.1 out of 5 Stars. 108 reviews</span></div><div class="mv2 flex items-center"><div class="f7 mr1 blue b lh-copy">Save with</div><img alt="Walmart Plus" class="pr2 flex" height="20" loading="lazy" src="//i5.walmartimages.com/dfw/63fd9f59-ac39/29c6759d-7f14-49fa-bd3a-b870eb4fb8fb/v1/wplus-icon-blue.svg" width="20"/></div><div class="mt2 mb2"><span class="w_EN w_ET w_EX mr1 mt1 ph1">Pickup</span><span class="w_EN w_ET w_EX mr1 mt1 ph1">Delivery</span><span class="w_EN w_ET w_EX mr1 mt1 ph1">1-day shipping</span></div></div></div></div></div></div><div class="mb1 ph1 pa0-xl bb b--near-white w-25"><div class="h-100 pb1-xl pr4-xl pv1 ph1"><div class="sans-serif mid-gray relative flex flex-column w-100" data-item-id="4DEWG9H3EMP1"><a class="absolute w-100 h-100 z-1" href="/ip/Great-Value-Cheddar-Sour-Cream-Rippled-Potato-Chips-8-oz/830675549" link-identifier="830675549"><span class="w_AM">Great Value Cheddar &amp; Sour Cream Rippled Potato Chips, 8 oz </span></a><div class="" data-testid="list-view"><div class=""><div class="h2 relative mb2"></div><div class="relative"><div class="relative overflow-hidden" style="max-width: 290px; height: 0px; padding-bottom: min(290px, 100%); align-self: center; width: min(290px, 100%);"><img alt="" class="absolute top-0 left-0" data-testid="productTileImage" height="" loading="lazy" src="https://i5.walmartimages.com/asr/5e54eb4e-3b85-4513-8e03-d4f4399f5ffc_3.015082310017bfaacaaf555a1e39fc7e.jpeg?odnHeight=580&amp;odnWidth=580&amp;odnBg=FFFFFF" srcset="https://i5.walmartimages.com/asr/5e54eb4e-3b85-4513-8e03-d4f4399f5ffc_3.015082310017bfaacaaf555a1e39fc7e.jpeg?odnHeight=290&amp;odnWidth=290&amp;odnBg=FFFFFF 1x, https://i5.walmartimages.com/asr/5e54eb4e-3b85-4513-8e03-d4f4399f5ffc_3.015082310017bfaacaaf555a1e39fc7e.jpeg?odnHeight=580&amp;odnWidth=580&amp;odnBg=FFFFFF 2x" width=""/></div><div class="z-2 absolute bottom--1"><div class="dib relative"><button aria-label="Add to cart - Great Value Cheddar &amp; Sour Cream Rippled Potato Chips, 8 oz" class="w_6 w_8 w_AD pointer bn bg-blue hover-bg-dark-blue white sans-serif b w-auto ph2 flex items-center justify-center shadow-1" type="button"><i class="ld ld-Plus" style="font-size: 1.5rem; vertical-align: -0.25em;" title="add to cart"></i><span class="mr2">Add</span></button></div></div></div><div class="mt5 mb1" data-testid="variant-4DEWG9H3EMP1" style="height: 24px;"></div></div><div class=""><div class="flex flex-wrap justify-start items-center lh-title mb2 mb1-m"><div aria-hidden="true" class="b black f5 mr1 mr2-xl lh-copy f4-l">$1.54</div><span class="w_AM">current price $1.54</span><div class="f7 f6-l gray mr1">19.3 ¢/oz</div></div><span class="w_AJ" style="-webkit-line-clamp: 3; padding-bottom: 0em; margin-bottom: 0em;"><span class="f6 f5-l normal dark-gray mb0 mt1 lh-title">Great Value Cheddar &amp; Sour Cream Rippled Potato Chips, 8 oz</span></span><div class="mt2 flex items-center"><span class="black inline-flex mr1"><i aria-hidden="true" class="ld ld-StarFill" style="font-size: 12px; vertical-align: -0.175em;"></i><i aria-hidden="true" class="ld ld-StarFill" style="font-size: 12px; vertical-align: -0.175em;"></i><i aria-hidden="true" class="ld ld-StarFill" style="font-size: 12px; vertical-align: -0.175em;"></i><i aria-hidden="true" class="ld ld-StarFill" style="font-size: 12px; vertical-align: -0.175em;"></i><i aria-hidden="true" class="ld ld-Star" style="font-size: 12px; vertical-align: -0.175em;"></i></span><span aria-hidden="true" class="sans-serif gray f7">32</span><span class="w_AM">3.8 out of 5 Stars. 32 reviews</span></div><div class="mv2 flex items-center"><div class="f7 mr1 blue b lh-copy">Save with</div><img alt="Walmart Plus" class="pr2 flex" height="20" loading="lazy" src="//i5.walmartimages.com/dfw/63fd9f59-ac39/29c6759d-7f14-49fa-bd3a-b870eb4fb8fb/v1/wplus-icon-blue.svg" width="20"/></div><div class="mt2 mb2"><span class="w_EN w_ET w_EX mr1 mt1 ph1">Pickup</span><span class="w_EN w_ET w_EX mr1 mt1 ph1">Delivery</span><span class="w_EN w_ET w_EX mr1 mt1 ph1">1-day shipping</span></div></div></div></div></div></div><div class="mb1 ph1 pa0-xl bb b--near-white w-25"><div class="h-100 pb1-xl pr4-xl pv1 ph1"><div class="sans-serif mid-gray relative flex flex-column w-100" data-item-id="3LD0EFWV48WW"><a class="absolute w-100 h-100 z-1" href="/ip/Ruffles-Original-Potato-Chips-Party-Size-13-oz/910985070?athbdg=L1600" link-identifier="910985070"><span class="w_AM">Ruffles Original Potato Chips Party Size, 13 oz </span></a><div class="" data-testid="list-view"><div class=""><div class="h2 relative mb2"><span class="w_EN w_ET w_EW absolute">Best seller</span></div><div class="relative"><div class="relative overflow-hidden" style="max-width: 290px; height: 0px; padding-bottom: min(290px, 100%); align-self: center; width: min(290px, 100%);"><img alt="" class="absolute top-0 left-0" data-testid="productTileImage" height="" loading="lazy" src="https://i5.walmartimages.com/asr/ca2f87e4-e7af-4caf-87d9-93ddcc5cfb29.7a2a872b8b0a64647c53e6a6375cc935.jpeg?odnHeight=580&amp;odnWidth=580&amp;odnBg=FFFFFF" srcset="https://i5.walmartimages.com/asr/ca2f87e4-e7af-4caf-87d9-93ddcc5cfb29.7a2a872b8b0a64647c53e6a6375cc935.jpeg?odnHeight=290&amp;odnWidth=290&amp;odnBg=FFFFFF 1x, https://i5.walmartimages.com/asr/ca2f87e4-e7af-4caf-87d9-93ddcc5cfb29.7a2a872b8b0a64647c53e6a6375cc935.jpeg?odnHeight=580&amp;odnWidth=580&amp;odnBg=FFFFFF 2x" width=""/></div><div class="z-2 absolute bottom--1"><div class="dib relative"><button aria-label="Add to cart - Ruffles Original Potato Chips Party Size, 13 oz" class="w_6 w_8 w_AD pointer bn bg-blue hover-bg-dark-blue white sans-serif b w-auto ph2 flex items-center justify-center shadow-1" type="button"><i class="ld ld-Plus" style="font-size: 1.5rem; vertical-align: -0.25em;" title="add to cart"></i><span class="mr2">Add</span></button></div></div></div><div class="mt5 mb1" data-testid="variant-3LD0EFWV48WW" style="height: 24px;"></div></div><div class=""><div class="flex flex-wrap justify-start items-center lh-title mb2 mb1-m"><div aria-hidden="true" class="b black f5 mr1 mr2-xl lh-copy f4-l">$4.48</div><span class="w_AM">current price $4.48</span><div class="f7 f6-l gray mr1">34.5 ¢/oz</div></div><span class="w_AJ" style="-webkit-line-clamp: 3; padding-bottom: 0em; margin-bottom: 0em;"><span class="f6 f5-l normal dark-gray mb0 mt1 lh-title">Ruffles Original Potato Chips Party Size, 13 oz</span></span><div class="mt2 flex items-center"><span class="black inline-flex mr1"><i aria-hidden="true" class="ld ld-StarFill" style="font-size: 12px; vertical-align: -0.175em;"></i><i aria-hidden="true" class="ld ld-StarFill" style="font-size: 12px; vertical-align: -0.175em;"></i><i aria-hidden="true" class="ld ld-StarFill" style="font-size: 12px; vertical-align: -0.175em;"></i><i aria-hidden="true" class="ld ld-StarFill" style="font-size: 12px; vertical-align: -0.175em;"></i><i aria-hidden="true" class="ld ld-Star" style="font-size: 12px; vertical-align: -0.175em;"></i></span><span aria-hidden="true" class="sans-serif gray f7">179</span><span class="w_AM">4.1 out of 5 Stars. 179 reviews</span></div><div class="mv2 flex items-center"><div class="f7 mr1 blue b lh-copy">Save with</div><img alt="Walmart Plus" class="pr2 flex" height="20" loading="lazy" src="//i5.walmartimages.com/dfw/63fd9f59-ac39/29c6759d-7f14-49fa-bd3a-b870eb4fb8fb/v1/wplus-icon-blue.svg" width="20"/></div><div class="mt2 mb2"><span class="w_EN w_ET w_EX mr1 mt1 ph1">Pickup</span><span class="w_EN w_ET w_EX mr1 mt1 ph1">Delivery</span><span class="w_EN w_ET w_EX mr1 mt1 ph1">1-day shipping</span></div></div></div></div></div></div><div class="mb1 ph1 pa0-xl bb b--near-white w-25"><div class="h-100 pb1-xl pr4-xl pv1 ph1"><div class="sans-serif mid-gray relative flex flex-column w-100" data-item-id="2545W2M8NVJJ"><a class="absolute w-100 h-100 z-1" href="/ip/Great-Value-Barbecue-Flavored-Potato-Chips-7-75-oz/807151368" link-identifier="807151368"><span class="w_AM">Great Value Barbecue Flavored Potato Chips, 7.75 oz </span></a><div class="" data-testid="list-view"><div class=""><div class="h2 relative mb2"></div><div class="relative"><div class="relative overflow-hidden" style="max-width: 290px; height: 0px; padding-bottom: min(290px, 100%); align-self: center; width: min(290px, 100%);"><img alt="" class="absolute top-0 left-0" data-testid="productTileImage" height="" loading="lazy" src="https://i5.walmartimages.com/asr/fd90dd8d-8c3b-4925-814e-277be43164dd_1.c2ab90ec2bf35c705080bcb7bc4c7874.jpeg?odnHeight=580&amp;odnWidth=580&amp;odnBg=FFFFFF" srcset="https://i5.walmartimages.com/asr/fd90dd8d-8c3b-4925-814e-277be43164dd_1.c2ab90ec2bf35c705080bcb7bc4c7874.jpeg?odnHeight=290&amp;odnWidth=290&amp;odnBg=FFFFFF 1x, https://i5.walmartimages.com/asr/fd90dd8d-8c3b-4925-814e-277be43164dd_1.c2ab90ec2bf35c705080bcb7bc4c7874.jpeg?odnHeight=580&amp;odnWidth=580&amp;odnBg=FFFFFF 2x" width=""/></div><div class="z-2 absolute bottom--1"><div class="dib relative"><button aria-label="Add to cart - Great Value Barbecue Flavored Potato Chips, 7.75 oz" class="w_6 w_8 w_AD pointer bn bg-blue hover-bg-dark-blue white sans-serif b w-auto ph2 flex items-center justify-center shadow-1" type="button"><i class="ld ld-Plus" style="font-size: 1.5rem; vertical-align: -0.25em;" title="add to cart"></i><span class="mr2">Add</span></button></div></div></div><div class="mt5 mb1" data-testid="variant-2545W2M8NVJJ" style="height: 24px;"></div></div><div class=""><div class="flex flex-wrap justify-start items-center lh-title mb2 mb1-m"><div aria-hidden="true" class="b black f5 mr1 mr2-xl lh-copy f4-l">$1.54</div><span class="w_AM">current price $1.54</span><div class="f7 f6-l gray mr1">19.9 ¢/oz</div></div><span class="w_AJ" style="-webkit-line-clamp: 3; padding-bottom: 0em; margin-bottom: 0em;"><span class="f6 f5-l normal dark-gray mb0 mt1 lh-title">Great Value Barbecue Flavored Potato Chips, 7.75 oz</span></span><div class="mt2 flex items-center"><span class="black inline-flex mr1"><i aria-hidden="true" class="ld ld-StarFill" style="font-size: 12px; vertical-align: -0.175em;"></i><i aria-hidden="true" class="ld ld-StarFill" style="font-size: 12px; vertical-align: -0.175em;"></i><i aria-hidden="true" class="ld ld-StarFill" style="font-size: 12px; vertical-align: -0.175em;"></i><i aria-hidden="true" class="ld ld-StarFill" style="font-size: 12px; vertical-align: -0.175em;"></i><i aria-hidden="true" class="ld ld-Star" style="font-size: 12px; vertical-align: -0.175em;"></i></span><span aria-hidden="true" class="sans-serif gray f7">35</span><span class="w_AM">4 out of 5 Stars. 35 reviews</span></div><div class="mv2 flex items-center"><div class="f7 mr1 blue b lh-copy">Save with</div><img alt="Walmart Plus" class="pr2 flex" height="20" loading="lazy" src="//i5.walmartimages.com/dfw/63fd9f59-ac39/29c6759d-7f14-49fa-bd3a-b870eb4fb8fb/v1/wplus-icon-blue.svg" width="20"/></div><div class="mt2 mb2"><span class="w_EN w_ET w_EX mr1 mt1 ph1">Pickup</span><span class="w_EN w_ET w_EX mr1 mt1 ph1">Delivery</span><span class="w_EN w_ET w_EX mr1 mt1 ph1">1-day shipping</span></div></div></div></div></div></div><div class="mb1 ph1 pa0-xl bb b--near-white w-25"><div class="h-100 pb1-xl pr4-xl pv1 ph1"><div class="sans-serif mid-gray relative flex flex-column w-100" data-ad-component-type="wpa-tile" data-item-id="5MZ5JGPEUT6P"><a class="absolute w-100 h-100 z-1" href="https://wrd.walmart.com/track?rdf=1&amp;adUid=fdf4d655-7db7-4ada-bc10-c136e1d6e5e5&amp;plmt=sp-browse-middle~desktop~&amp;tax=976759_976787_1001390&amp;pltfm=desktop&amp;eventST=click&amp;pgId=976759_976787_1001390&amp;spQs=9ZIncgWlj4GxdNFu-lsb378W0IFT28S_DT56n1Ge8Pzl7Vdo4qqaTD81C-0k7T7ygqLR-bmYYmq-408r2QAn1bNuDOrss0fw3i-MZ2e-gsxjLGOZ8k74fvX0mpZM4QDQeujW58COsnbl1mU3gnRsPgAYqRqVAbHc_1zjb693JrE&amp;storeId=3081&amp;pt=browse&amp;pos=31&amp;bt=1&amp;mloc=sp-browse-middle&amp;bkt=2478&amp;rd=https%3A%2F%2Fwww.walmart.com%2Fip%2FBugles-Crispy-Corn-Snacks-Original-Flavor-Family-Size-Snack-Bag-14-5-oz%2F15580719&amp;/ip/Bugles-Crispy-Corn-Snacks-Original-Flavor-Family-Size-Snack-Bag-14-5-oz/15580719" link-identifier="15580719"><span class="w_AM">Bugles Crispy Corn Snacks, Original Flavor, Family Size Snack Bag, 14.5 oz </span></a><div class="" data-testid="list-view"><div class=""><div class="h2 relative mb2"></div><div class="relative"><div class="relative overflow-hidden" style="max-width: 290px; height: 0px; padding-bottom: min(290px, 100%); align-self: center; width: min(290px, 100%);"><img alt="" class="absolute top-0 left-0" data-testid="productTileImage" height="" loading="lazy" src="https://i5.walmartimages.com/asr/cd5f2fdb-476d-4646-97f2-22dcea2e2ea4.a1644c078f0936eaba8898b4b98af6f0.jpeg?odnHeight=580&amp;odnWidth=580&amp;odnBg=FFFFFF" srcset="https://i5.walmartimages.com/asr/cd5f2fdb-476d-4646-97f2-22dcea2e2ea4.a1644c078f0936eaba8898b4b98af6f0.jpeg?odnHeight=290&amp;odnWidth=290&amp;odnBg=FFFFFF 1x, https://i5.walmartimages.com/asr/cd5f2fdb-476d-4646-97f2-22dcea2e2ea4.a1644c078f0936eaba8898b4b98af6f0.jpeg?odnHeight=580&amp;odnWidth=580&amp;odnBg=FFFFFF 2x" width=""/></div><div class="z-2 absolute bottom--1"><div class="dib relative"><button aria-label="Add to cart - Bugles Crispy Corn Snacks, Original Flavor, Family Size Snack Bag, 14.5 oz" class="w_6 w_8 w_AD pointer bn bg-blue hover-bg-dark-blue white sans-serif b w-auto ph2 flex items-center justify-center shadow-1" type="button"><i class="ld ld-Plus" style="font-size: 1.5rem; vertical-align: -0.25em;" title="add to cart"></i><span class="mr2">Add</span></button></div></div></div><div class="mt5 mb1" data-testid="variant-5MZ5JGPEUT6P" style="height: 24px;"><div class="flex items-center lh-title h2-l normal"><span class="gray f7">Sponsored</span></div></div></div><div class=""><div class="flex flex-wrap justify-start items-center lh-title mb2 mb1-m"><div aria-hidden="true" class="b black f5 mr1 mr2-xl lh-copy f4-l">$3.53</div><span class="w_AM">current price $3.53</span><div class="f7 f6-l gray mr1">24.3 ¢/oz</div></div><span class="w_AJ" style="-webkit-line-clamp: 3; padding-bottom: 0em; margin-bottom: 0em;"><span class="f6 f5-l normal dark-gray mb0 mt1 lh-title">Bugles Crispy Corn Snacks, Original Flavor, Family Size Snack Bag, 14.5 oz</span></span><div class="mt2 flex items-center"><span class="black inline-flex mr1"><i aria-hidden="true" class="ld ld-StarFill" style="font-size: 12px; vertical-align: -0.175em;"></i><i aria-hidden="true" class="ld ld-StarFill" style="font-size: 12px; vertical-align: -0.175em;"></i><i aria-hidden="true" class="ld ld-StarFill" style="font-size: 12px; vertical-align: -0.175em;"></i><i aria-hidden="true" class="ld ld-StarFill" style="font-size: 12px; vertical-align: -0.175em;"></i><i aria-hidden="true" class="ld ld-StarHalf" style="font-size: 12px; vertical-align: -0.175em;"></i></span><span aria-hidden="true" class="sans-serif gray f7">467</span><span class="w_AM">4.5 out of 5 Stars. 467 reviews</span></div><div class="mv2 flex items-center"><div class="f7 mr1 blue b lh-copy">Save with</div><img alt="Walmart Plus" class="pr2 flex" height="20" loading="lazy" src="//i5.walmartimages.com/dfw/63fd9f59-ac39/29c6759d-7f14-49fa-bd3a-b870eb4fb8fb/v1/wplus-icon-blue.svg" width="20"/></div><div class="mt2 mb2"><span class="w_EN w_ET w_EX mr1 mt1 ph1">Pickup</span><span class="w_EN w_ET w_EX mr1 mt1 ph1">Delivery</span><span class="w_EN w_ET w_EX mr1 mt1 ph1">1-day shipping</span></div></div></div></div></div></div><div class="mb1 ph1 pa0-xl bb b--near-white w-25"><div class="h-100 pb1-xl pr4-xl pv1 ph1"><div class="sans-serif mid-gray relative flex flex-column w-100" data-ad-component-type="wpa-tile" data-item-id="2KX8SJD4XZRX"><a class="absolute w-100 h-100 z-1" href="https://wrd.walmart.com/track?rdf=1&amp;adUid=fdf4d655-7db7-4ada-bc10-c136e1d6e5e5&amp;plmt=sp-browse-middle~desktop~&amp;tax=976759_976787_1001390&amp;pltfm=desktop&amp;eventST=click&amp;pgId=976759_976787_1001390&amp;spQs=S_ZbuteTxrdUhA8vnKxtBACwOEXO3oOg00jYAu9nmlos3LEKgTlkVWnk8jqIi3dEOGXS7Kub28DCsNvinHlSnjb3Y7a49ng-GkLi3TXlx-Do8qKnICnBCcC4Fh9W36Vru9erJyW-77wY-XPeuqxPL17zoSiypwJWZuvaoiBaZSI&amp;storeId=3081&amp;pt=browse&amp;pos=32&amp;bt=1&amp;mloc=sp-browse-middle&amp;bkt=2478&amp;rd=https%3A%2F%2Fwww.walmart.com%2Fip%2FQuest-Tortilla-Style-Protein-Chips-Ranch-Single%2F301035241%3Fathbdg%3DL1600&amp;athbdg=L1600" link-identifier="301035241"><span class="w_AM">Quest Tortilla Style Protein Chips Ranch, Single </span></a><div class="" data-testid="list-view"><div class=""><div class="h2 relative mb2"><span class="w_EN w_ET w_EW absolute">Best seller</span></div><div class="relative"><div class="relative overflow-hidden" style="max-width: 290px; height: 0px; padding-bottom: min(290px, 100%); align-self: center; width: min(290px, 100%);"><img alt="" class="absolute top-0 left-0" data-testid="productTileImage" height="" loading="lazy" src="https://i5.walmartimages.com/asr/804c15cf-aeff-4143-a6de-da7f839404a5.30821818caf552f00bf93dde5f3c92dc.png?odnHeight=580&amp;odnWidth=580&amp;odnBg=FFFFFF" srcset="https://i5.walmartimages.com/asr/804c15cf-aeff-4143-a6de-da7f839404a5.30821818caf552f00bf93dde5f3c92dc.png?odnHeight=290&amp;odnWidth=290&amp;odnBg=FFFFFF 1x, https://i5.walmartimages.com/asr/804c15cf-aeff-4143-a6de-da7f839404a5.30821818caf552f00bf93dde5f3c92dc.png?odnHeight=580&amp;odnWidth=580&amp;odnBg=FFFFFF 2x" width=""/></div><div class="z-2 absolute bottom--1"><div class="dib relative"><button aria-label="Add to cart - Quest Tortilla Style Protein Chips Ranch, Single" class="w_6 w_8 w_AD pointer bn bg-blue hover-bg-dark-blue white sans-serif b w-auto ph2 flex items-center justify-center shadow-1" type="button"><i class="ld ld-Plus" style="font-size: 1.5rem; vertical-align: -0.25em;" title="add to cart"></i><span class="mr2">Add</span></button></div></div></div><div class="mt5 mb1" data-testid="variant-2KX8SJD4XZRX" style="height: 24px;"><div class="flex items-center lh-title h2-l normal"><span class="gray f7">Sponsored</span></div></div></div><div class=""><div class="flex flex-wrap justify-start items-center lh-title mb2 mb1-m"><div aria-hidden="true" class="b black f5 mr1 mr2-xl lh-copy f4-l">$2.48</div><span class="w_AM">current price $2.48</span></div><span class="w_AJ" style="-webkit-line-clamp: 3; padding-bottom: 0em; margin-bottom: 0em;"><span class="f6 f5-l normal dark-gray mb0 mt1 lh-title">Quest Tortilla Style Protein Chips Ranch, Single</span></span><div class="mt2 flex items-center"><span class="black inline-flex mr1"><i aria-hidden="true" class="ld ld-StarFill" style="font-size: 12px; vertical-align: -0.175em;"></i><i aria-hidden="true" class="ld ld-StarFill" style="font-size: 12px; vertical-align: -0.175em;"></i><i aria-hidden="true" class="ld ld-StarFill" style="font-size: 12px; vertical-align: -0.175em;"></i><i aria-hidden="true" class="ld ld-StarFill" style="font-size: 12px; vertical-align: -0.175em;"></i><i aria-hidden="true" class="ld ld-StarHalf" style="font-size: 12px; vertical-align: -0.175em;"></i></span><span aria-hidden="true" class="sans-serif gray f7">420</span><span class="w_AM">4.7 out of 5 Stars. 420 reviews</span></div><div class="mv2 flex items-center"><div class="f7 mr1 blue b lh-copy">Save with</div><img alt="Walmart Plus" class="pr2 flex" height="20" loading="lazy" src="//i5.walmartimages.com/dfw/63fd9f59-ac39/29c6759d-7f14-49fa-bd3a-b870eb4fb8fb/v1/wplus-icon-blue.svg" width="20"/></div><div class="mt2 mb2"><span class="w_EN w_ET w_EX mr1 mt1 ph1">Pickup</span><span class="w_EN w_ET w_EX mr1 mt1 ph1">Delivery</span><span class="w_EN w_ET w_EX mr1 mt1 ph1">2-day shipping</span></div></div></div></div></div></div><div class="mb1 ph1 pa0-xl bb b--near-white w-25"><div class="h-100 pb1-xl pr4-xl pv1 ph1"><div class="sans-serif mid-gray relative flex flex-column w-100" data-item-id="5XHTSBHRHXER"><a class="absolute w-100 h-100 z-1" href="/ip/Juanitas-Gluten-Free-Tortilla-Chips-15-Oz/16627439" link-identifier="16627439"><span class="w_AM">Juanitas Gluten-Free Tortilla Chips 15 Oz. </span></a><div class="" data-testid="list-view"><div class=""><div class="h2 relative mb2"></div><div class="relative"><div class="relative overflow-hidden" style="max-width: 290px; height: 0px; padding-bottom: min(290px, 100%); align-self: center; width: min(290px, 100%);"><img alt="" class="absolute top-0 left-0" data-testid="productTileImage" height="" loading="lazy" src="https://i5.walmartimages.com/asr/f4ee504d-f817-4d31-8927-67d821fecdc2_1.5f6e10838f289aede6301ff402dfd068.jpeg?odnHeight=580&amp;odnWidth=580&amp;odnBg=FFFFFF" srcset="https://i5.walmartimages.com/asr/f4ee504d-f817-4d31-8927-67d821fecdc2_1.5f6e10838f289aede6301ff402dfd068.jpeg?odnHeight=290&amp;odnWidth=290&amp;odnBg=FFFFFF 1x, https://i5.walmartimages.com/asr/f4ee504d-f817-4d31-8927-67d821fecdc2_1.5f6e10838f289aede6301ff402dfd068.jpeg?odnHeight=580&amp;odnWidth=580&amp;odnBg=FFFFFF 2x" width=""/></div><div class="z-2 absolute bottom--1"><div class="dib relative"><button aria-label="Add to cart - Juanitas Gluten-Free Tortilla Chips 15 Oz." class="w_6 w_8 w_AD pointer bn bg-blue hover-bg-dark-blue white sans-serif b w-auto ph2 flex items-center justify-center shadow-1" type="button"><i class="ld ld-Plus" style="font-size: 1.5rem; vertical-align: -0.25em;" title="add to cart"></i><span class="mr2">Add</span></button></div></div></div><div class="mt5 mb1" data-testid="variant-5XHTSBHRHXER" style="height: 24px;"></div></div><div class=""><div class="flex flex-wrap justify-start items-center lh-title mb2 mb1-m"><div aria-hidden="true" class="b black f5 mr1 mr2-xl lh-copy f4-l">$3.49</div><span class="w_AM">current price $3.49</span><div class="f7 f6-l gray mr1">23.3 ¢/oz</div></div><span class="w_AJ" style="-webkit-line-clamp: 3; padding-bottom: 0em; margin-bottom: 0em;"><span class="f6 f5-l normal dark-gray mb0 mt1 lh-title">Juanitas Gluten-Free Tortilla Chips 15 Oz.</span></span><div class="mt2 flex items-center"><span class="black inline-flex mr1"><i aria-hidden="true" class="ld ld-StarFill" style="font-size: 12px; vertical-align: -0.175em;"></i><i aria-hidden="true" class="ld ld-StarFill" style="font-size: 12px; vertical-align: -0.175em;"></i><i aria-hidden="true" class="ld ld-StarFill" style="font-size: 12px; vertical-align: -0.175em;"></i><i aria-hidden="true" class="ld ld-StarFill" style="font-size: 12px; vertical-align: -0.175em;"></i><i aria-hidden="true" class="ld ld-StarFill" style="font-size: 12px; vertical-align: -0.175em;"></i></span><span aria-hidden="true" class="sans-serif gray f7">36</span><span class="w_AM">4.9 out of 5 Stars. 36 reviews</span></div><div class="mv2 flex items-center"><div class="f7 mr1 blue b lh-copy">Save with</div><img alt="Walmart Plus" class="pr2 flex" height="20" loading="lazy" src="//i5.walmartimages.com/dfw/63fd9f59-ac39/29c6759d-7f14-49fa-bd3a-b870eb4fb8fb/v1/wplus-icon-blue.svg" width="20"/></div><div class="mt2 mb2"><span class="w_EN w_ET w_EX mr1 mt1 ph1">2-day shipping</span></div></div></div></div></div></div><div class="mb1 ph1 pa0-xl bb b--near-white w-25"><div class="h-100 pb1-xl pr4-xl pv1 ph1"><div class="sans-serif mid-gray relative flex flex-column w-100" data-item-id="1U9IMYYMRH65"><a class="absolute w-100 h-100 z-1" href="/ip/Lay-s-Classic-Potato-Chips-8-oz-Bag/33282303" link-identifier="33282303"><span class="w_AM">Lay's Classic Potato Chips, 8 oz Bag </span></a><div class="" data-testid="list-view"><div class=""><div class="h2 relative mb2"></div><div class="relative"><div class="relative overflow-hidden" style="max-width: 290px; height: 0px; padding-bottom: min(290px, 100%); align-self: center; width: min(290px, 100%);"><img alt="" class="absolute top-0 left-0" data-testid="productTileImage" height="" loading="lazy" src="https://i5.walmartimages.com/asr/dccc33c3-c164-47de-b64c-bba21422ed39.950163afc5eba63e66eb67a67a215949.jpeg?odnHeight=580&amp;odnWidth=580&amp;odnBg=FFFFFF" srcset="https://i5.walmartimages.com/asr/dccc33c3-c164-47de-b64c-bba21422ed39.950163afc5eba63e66eb67a67a215949.jpeg?odnHeight=290&amp;odnWidth=290&amp;odnBg=FFFFFF 1x, https://i5.walmartimages.com/asr/dccc33c3-c164-47de-b64c-bba21422ed39.950163afc5eba63e66eb67a67a215949.jpeg?odnHeight=580&amp;odnWidth=580&amp;odnBg=FFFFFF 2x" width=""/></div><div class="z-2 absolute bottom--1"><div class="dib relative"><button aria-label="Add to cart - Lay's Classic Potato Chips, 8 oz Bag" class="w_6 w_8 w_AD pointer bn bg-blue hover-bg-dark-blue white sans-serif b w-auto ph2 flex items-center justify-center shadow-1" type="button"><i class="ld ld-Plus" style="font-size: 1.5rem; vertical-align: -0.25em;" title="add to cart"></i><span class="mr2">Add</span></button></div></div></div><div class="mt5 mb1" data-testid="variant-1U9IMYYMRH65" style="height: 24px;"></div></div><div class=""><div class="flex flex-wrap justify-start items-center lh-title mb2 mb1-m"><div aria-hidden="true" class="b black f5 mr1 mr2-xl lh-copy f4-l">$2.98</div><span class="w_AM">current price $2.98</span><div class="f7 f6-l gray mr1">37.3 ¢/oz</div></div><span class="w_AJ" style="-webkit-line-clamp: 3; padding-bottom: 0em; margin-bottom: 0em;"><span class="f6 f5-l normal dark-gray mb0 mt1 lh-title">Lay's Classic Potato Chips, 8 oz Bag</span></span><div class="mt2 flex items-center"><span class="black inline-flex mr1"><i aria-hidden="true" class="ld ld-StarFill" style="font-size: 12px; vertical-align: -0.175em;"></i><i aria-hidden="true" class="ld ld-StarFill" style="font-size: 12px; vertical-align: -0.175em;"></i><i aria-hidden="true" class="ld ld-StarFill" style="font-size: 12px; vertical-align: -0.175em;"></i><i aria-hidden="true" class="ld ld-StarFill" style="font-size: 12px; vertical-align: -0.175em;"></i><i aria-hidden="true" class="ld ld-StarHalf" style="font-size: 12px; vertical-align: -0.175em;"></i></span><span aria-hidden="true" class="sans-serif gray f7">1184</span><span class="w_AM">4.5 out of 5 Stars. 1184 reviews</span></div><div class="mv2 flex items-center"><div class="f7 mr1 blue b lh-copy">Save with</div><img alt="Walmart Plus" class="pr2 flex" height="20" loading="lazy" src="//i5.walmartimages.com/dfw/63fd9f59-ac39/29c6759d-7f14-49fa-bd3a-b870eb4fb8fb/v1/wplus-icon-blue.svg" width="20"/></div><div class="mt2 mb2"><span class="w_EN w_ET w_EX mr1 mt1 ph1">Pickup</span><span class="w_EN w_ET w_EX mr1 mt1 ph1">Delivery</span></div></div></div></div></div></div><div class="mb1 ph1 pa0-xl bb b--near-white w-25"><div class="h-100 pb1-xl pr4-xl pv1 ph1"><div class="sans-serif mid-gray relative flex flex-column w-100" data-item-id="1PIPN02OMZ7S"><a class="absolute w-100 h-100 z-1" href="/ip/Doritos-Spicy-Sweet-Chili-Flavored-Tortilla-Chips-9-25-oz-Bag/255598317" link-identifier="255598317"><span class="w_AM">Doritos Spicy Sweet Chili Flavored Tortilla Chips, 9.25 oz Bag </span></a><div class="" data-testid="list-view"><div class=""><div class="h2 relative mb2"></div><div class="relative"><div class="relative overflow-hidden" style="max-width: 290px; height: 0px; padding-bottom: min(290px, 100%); align-self: center; width: min(290px, 100%);"><img alt="" class="absolute top-0 left-0" data-testid="productTileImage" height="" loading="lazy" src="https://i5.walmartimages.com/asr/728c32a6-1fd4-4e0e-8d57-3a0ad4b087bf.214993b6336787ba915a818ab9436f26.jpeg?odnHeight=580&amp;odnWidth=580&amp;odnBg=FFFFFF" srcset="https://i5.walmartimages.com/asr/728c32a6-1fd4-4e0e-8d57-3a0ad4b087bf.214993b6336787ba915a818ab9436f26.jpeg?odnHeight=290&amp;odnWidth=290&amp;odnBg=FFFFFF 1x, https://i5.walmartimages.com/asr/728c32a6-1fd4-4e0e-8d57-3a0ad4b087bf.214993b6336787ba915a818ab9436f26.jpeg?odnHeight=580&amp;odnWidth=580&amp;odnBg=FFFFFF 2x" width=""/></div><div class="z-2 absolute bottom--1"><div class="dib relative"><button aria-label="Add to cart - Doritos Spicy Sweet Chili Flavored Tortilla Chips, 9.25 oz Bag" class="w_6 w_8 w_AD pointer bn bg-blue hover-bg-dark-blue white sans-serif b w-auto ph2 flex items-center justify-center shadow-1" type="button"><i class="ld ld-Plus" style="font-size: 1.5rem; vertical-align: -0.25em;" title="add to cart"></i><span class="mr2">Add</span></button></div></div></div><div class="mt5 mb1" data-testid="variant-1PIPN02OMZ7S" style="height: 24px;"></div></div><div class=""><div class="flex flex-wrap justify-start items-center lh-title mb2 mb1-m"><div aria-hidden="true" class="b black f5 mr1 mr2-xl lh-copy f4-l">$3.48</div><span class="w_AM">current price $3.48</span><div class="f7 f6-l gray mr1">37.6 ¢/oz</div></div><span class="w_AJ" style="-webkit-line-clamp: 3; padding-bottom: 0em; margin-bottom: 0em;"><span class="f6 f5-l normal dark-gray mb0 mt1 lh-title">Doritos Spicy Sweet Chili Flavored Tortilla Chips, 9.25 oz Bag</span></span><div class="mt2 flex items-center"><span class="black inline-flex mr1"><i aria-hidden="true" class="ld ld-StarFill" style="font-size: 12px; vertical-align: -0.175em;"></i><i aria-hidden="true" class="ld ld-StarFill" style="font-size: 12px; vertical-align: -0.175em;"></i><i aria-hidden="true" class="ld ld-StarFill" style="font-size: 12px; vertical-align: -0.175em;"></i><i aria-hidden="true" class="ld ld-StarHalf" style="font-size: 12px; vertical-align: -0.175em;"></i><i aria-hidden="true" class="ld ld-Star" style="font-size: 12px; vertical-align: -0.175em;"></i></span><span aria-hidden="true" class="sans-serif gray f7">89</span><span class="w_AM">3.5 out of 5 Stars. 89 reviews</span></div><div class="mv2 flex items-center"><div class="f7 mr1 blue b lh-copy">Save with</div><img alt="Walmart Plus" class="pr2 flex" height="20" loading="lazy" src="//i5.walmartimages.com/dfw/63fd9f59-ac39/29c6759d-7f14-49fa-bd3a-b870eb4fb8fb/v1/wplus-icon-blue.svg" width="20"/></div><div class="mt2 mb2"><span class="w_EN w_ET w_EX mr1 mt1 ph1">Pickup</span><span class="w_EN w_ET w_EX mr1 mt1 ph1">Delivery</span><span class="w_EN w_ET w_EX mr1 mt1 ph1">1-day shipping</span></div></div></div></div></div></div><div class="mb1 ph1 pa0-xl bb b--near-white w-25"><div class="h-100 pb1-xl pr4-xl pv1 ph1"><div class="sans-serif mid-gray relative flex flex-column w-100" data-item-id="2DFNB5GMWA0N"><a class="absolute w-100 h-100 z-1" href="/ip/Fritos-Chili-Cheese-Corn-Chips-9-25-Oz/49909662?athbdg=L1300" link-identifier="49909662"><span class="w_AM">Fritos Chili Cheese Corn Chips, 9.25 Oz. </span></a><div class="" data-testid="list-view"><div class=""><div class="h2 relative mb2"><span class="w_EN w_EQ w_EW absolute">Rollback</span></div><div class="relative"><div class="relative overflow-hidden" style="max-width: 290px; height: 0px; padding-bottom: min(290px, 100%); align-self: center; width: min(290px, 100%);"><img alt="" class="absolute top-0 left-0" data-testid="productTileImage" height="" loading="lazy" src="https://i5.walmartimages.com/asr/03664882-5f74-4adb-9938-c661bb4ab792_1.d8f81350cc6f9c66af60d60d01b83f39.jpeg?odnHeight=580&amp;odnWidth=580&amp;odnBg=FFFFFF" srcset="https://i5.walmartimages.com/asr/03664882-5f74-4adb-9938-c661bb4ab792_1.d8f81350cc6f9c66af60d60d01b83f39.jpeg?odnHeight=290&amp;odnWidth=290&amp;odnBg=FFFFFF 1x, https://i5.walmartimages.com/asr/03664882-5f74-4adb-9938-c661bb4ab792_1.d8f81350cc6f9c66af60d60d01b83f39.jpeg?odnHeight=580&amp;odnWidth=580&amp;odnBg=FFFFFF 2x" width=""/></div><div class="z-2 absolute bottom--1"><div class="dib relative"><button aria-label="Add to cart - Fritos Chili Cheese Corn Chips, 9.25 Oz." class="w_6 w_8 w_AD pointer bn bg-blue hover-bg-dark-blue white sans-serif b w-auto ph2 flex items-center justify-center shadow-1" type="button"><i class="ld ld-Plus" style="font-size: 1.5rem; vertical-align: -0.25em;" title="add to cart"></i><span class="mr2">Add</span></button></div></div></div><div class="mt5 mb1" data-testid="variant-2DFNB5GMWA0N" style="height: 24px;"></div></div><div class=""><div class="flex flex-wrap justify-start items-center lh-title mb2 mb1-m"><div aria-hidden="true" class="b black f5 mr1 mr2-xl lh-copy f4-l">$3.00</div><span class="w_AM">current price $3.00</span><div aria-hidden="true" class="f7 f6-l strike gray mr3">$3.48</div><span class="w_AM">was $3.48</span><div class="f7 f6-l gray mr1">32.4 ¢/oz</div></div><span class="w_AJ" style="-webkit-line-clamp: 3; padding-bottom: 0em; margin-bottom: 0em;"><span class="f6 f5-l normal dark-gray mb0 mt1 lh-title">Fritos Chili Cheese Corn Chips, 9.25 Oz.</span></span><div class="mt2 flex items-center"><span class="black inline-flex mr1"><i aria-hidden="true" class="ld ld-StarFill" style="font-size: 12px; vertical-align: -0.175em;"></i><i aria-hidden="true" class="ld ld-StarFill" style="font-size: 12px; vertical-align: -0.175em;"></i><i aria-hidden="true" class="ld ld-StarFill" style="font-size: 12px; vertical-align: -0.175em;"></i><i aria-hidden="true" class="ld ld-StarFill" style="font-size: 12px; vertical-align: -0.175em;"></i><i aria-hidden="true" class="ld ld-StarHalf" style="font-size: 12px; vertical-align: -0.175em;"></i></span><span aria-hidden="true" class="sans-serif gray f7">403</span><span class="w_AM">4.6 out of 5 Stars. 403 reviews</span></div><div class="mv2 flex items-center"><div class="f7 mr1 blue b lh-copy">Save with</div><img alt="Walmart Plus" class="pr2 flex" height="20" loading="lazy" src="//i5.walmartimages.com/dfw/63fd9f59-ac39/29c6759d-7f14-49fa-bd3a-b870eb4fb8fb/v1/wplus-icon-blue.svg" width="20"/></div><div class="mt2 mb2"><span class="w_EN w_ET w_EX mr1 mt1 ph1">Pickup</span><span class="w_EN w_ET w_EX mr1 mt1 ph1">Delivery</span><span class="w_EN w_ET w_EX mr1 mt1 ph1">1-day shipping</span></div></div></div></div></div></div><div class="mb1 ph1 pa0-xl bb b--near-white w-25"><div class="h-100 pb1-xl pr4-xl pv1 ph1"><div class="sans-serif mid-gray relative flex flex-column w-100" data-item-id="350UZWE91DCJ"><a class="absolute w-100 h-100 z-1" href="/ip/Frito-Lay-Classic-Mix-Snacks-Variety-Pack-18-Count-Assortment-May-Vary/535982445" link-identifier="535982445"><span class="w_AM">Frito-Lay Classic Mix Snacks Variety Pack, 18 Count (Assortment May Vary) </span></a><div class="" data-testid="list-view"><div class=""><div class="h2 relative mb2"></div><div class="relative"><div class="relative overflow-hidden" style="max-width: 290px; height: 0px; padding-bottom: min(290px, 100%); align-self: center; width: min(290px, 100%);"><img alt="" class="absolute top-0 left-0" data-testid="productTileImage" height="" loading="lazy" src="https://i5.walmartimages.com/asr/417a922d-ccd9-4028-9252-fcb5fccd4dc3.f010ca5d09e2b3d4963d345f8ae6d4a5.jpeg?odnHeight=580&amp;odnWidth=580&amp;odnBg=FFFFFF" srcset="https://i5.walmartimages.com/asr/417a922d-ccd9-4028-9252-fcb5fccd4dc3.f010ca5d09e2b3d4963d345f8ae6d4a5.jpeg?odnHeight=290&amp;odnWidth=290&amp;odnBg=FFFFFF 1x, https://i5.walmartimages.com/asr/417a922d-ccd9-4028-9252-fcb5fccd4dc3.f010ca5d09e2b3d4963d345f8ae6d4a5.jpeg?odnHeight=580&amp;odnWidth=580&amp;odnBg=FFFFFF 2x" width=""/></div><div class="z-2 absolute bottom--1"><div class="dib relative"><button aria-label="Add to cart - Frito-Lay Classic Mix Snacks Variety Pack, 18 Count (Assortment May Vary)" class="w_6 w_8 w_AD pointer bn bg-blue hover-bg-dark-blue white sans-serif b w-auto ph2 flex items-center justify-center shadow-1" type="button"><i class="ld ld-Plus" style="font-size: 1.5rem; vertical-align: -0.25em;" title="add to cart"></i><span class="mr2">Add</span></button></div></div></div><div class="mt5 mb1" data-testid="variant-350UZWE91DCJ" style="height: 24px;"></div></div><div class=""><div class="flex flex-wrap justify-start items-center lh-title mb2 mb1-m"><div aria-hidden="true" class="b black f5 mr1 mr2-xl lh-copy f4-l">$24.99</div><span class="w_AM">current price $24.99</span></div><span class="w_AJ" style="-webkit-line-clamp: 3; padding-bottom: 0em; margin-bottom: 0em;"><span class="f6 f5-l normal dark-gray mb0 mt1 lh-title">Frito-Lay Classic Mix Snacks Variety Pack, 18 Count (Assortment May Vary)</span></span><div class="mt2 flex items-center"><span class="black inline-flex mr1"><i aria-hidden="true" class="ld ld-StarFill" style="font-size: 12px; vertical-align: -0.175em;"></i><i aria-hidden="true" class="ld ld-StarFill" style="font-size: 12px; vertical-align: -0.175em;"></i><i aria-hidden="true" class="ld ld-StarFill" style="font-size: 12px; vertical-align: -0.175em;"></i><i aria-hidden="true" class="ld ld-StarFill" style="font-size: 12px; vertical-align: -0.175em;"></i><i aria-hidden="true" class="ld ld-StarHalf" style="font-size: 12px; vertical-align: -0.175em;"></i></span><span aria-hidden="true" class="sans-serif gray f7">736</span><span class="w_AM">4.5 out of 5 Stars. 736 reviews</span></div><div class="mt2 mb2"><span class="w_EN w_ET w_EX mr1 mt1 ph1">3+ day shipping</span></div></div></div></div></div></div><div class="mb1 ph1 pa0-xl bb b--near-white w-25"><div class="h-100 pb1-xl pr4-xl pv1 ph1"><div class="sans-serif mid-gray relative flex flex-column w-100" data-item-id="5N8XX3L02IX1"><a class="absolute w-100 h-100 z-1" href="/ip/Cheetos-Crunchy-Flamin-Hot-Cheese-Flavored-Snacks-8-5-oz-Bag/49909689" link-identifier="49909689"><span class="w_AM">Cheetos Crunchy Flamin' Hot Cheese Flavored Snacks, 8.5 oz Bag </span></a><div class="" data-testid="list-view"><div class=""><div class="h2 relative mb2"></div><div class="relative"><div class="relative overflow-hidden" style="max-width: 290px; height: 0px; padding-bottom: min(290px, 100%); align-self: center; width: min(290px, 100%);"><img alt="" class="absolute top-0 left-0" data-testid="productTileImage" height="" loading="lazy" src="https://i5.walmartimages.com/asr/e90988c3-5fdf-406d-821d-f5d58c6e4fdb.4a88e175da2a1564833ff5c46df039e3.jpeg?odnHeight=580&amp;odnWidth=580&amp;odnBg=FFFFFF" srcset="https://i5.walmartimages.com/asr/e90988c3-5fdf-406d-821d-f5d58c6e4fdb.4a88e175da2a1564833ff5c46df039e3.jpeg?odnHeight=290&amp;odnWidth=290&amp;odnBg=FFFFFF 1x, https://i5.walmartimages.com/asr/e90988c3-5fdf-406d-821d-f5d58c6e4fdb.4a88e175da2a1564833ff5c46df039e3.jpeg?odnHeight=580&amp;odnWidth=580&amp;odnBg=FFFFFF 2x" width=""/></div><div class="z-2 absolute bottom--1"><div class="dib relative"><button aria-label="Add to cart - Cheetos Crunchy Flamin' Hot Cheese Flavored Snacks, 8.5 oz Bag" class="w_6 w_8 w_AD pointer bn bg-blue hover-bg-dark-blue white sans-serif b w-auto ph2 flex items-center justify-center shadow-1" type="button"><i class="ld ld-Plus" style="font-size: 1.5rem; vertical-align: -0.25em;" title="add to cart"></i><span class="mr2">Add</span></button></div></div></div><div class="mt5 mb1" data-testid="variant-5N8XX3L02IX1" style="height: 24px;"></div></div><div class=""><div class="flex flex-wrap justify-start items-center lh-title mb2 mb1-m"><div aria-hidden="true" class="b black f5 mr1 mr2-xl lh-copy f4-l">$3.48</div><span class="w_AM">current price $3.48</span><div class="f7 f6-l gray mr1">40.9 ¢/oz</div></div><span class="w_AJ" style="-webkit-line-clamp: 3; padding-bottom: 0em; margin-bottom: 0em;"><span class="f6 f5-l normal dark-gray mb0 mt1 lh-title">Cheetos Crunchy Flamin' Hot Cheese Flavored Snacks, 8.5 oz Bag</span></span><div class="mt2 flex items-center"><span class="black inline-flex mr1"><i aria-hidden="true" class="ld ld-StarFill" style="font-size: 12px; vertical-align: -0.175em;"></i><i aria-hidden="true" class="ld ld-StarFill" style="font-size: 12px; vertical-align: -0.175em;"></i><i aria-hidden="true" class="ld ld-StarFill" style="font-size: 12px; vertical-align: -0.175em;"></i><i aria-hidden="true" class="ld ld-StarFill" style="font-size: 12px; vertical-align: -0.175em;"></i><i aria-hidden="true" class="ld ld-StarHalf" style="font-size: 12px; vertical-align: -0.175em;"></i></span><span aria-hidden="true" class="sans-serif gray f7">393</span><span class="w_AM">4.7 out of 5 Stars. 393 reviews</span></div><div class="mv2 flex items-center"><div class="f7 mr1 blue b lh-copy">Save with</div><img alt="Walmart Plus" class="pr2 flex" height="20" loading="lazy" src="//i5.walmartimages.com/dfw/63fd9f59-ac39/29c6759d-7f14-49fa-bd3a-b870eb4fb8fb/v1/wplus-icon-blue.svg" width="20"/></div><div class="mt2 mb2"><span class="w_EN w_ET w_EX mr1 mt1 ph1">Pickup</span><span class="w_EN w_ET w_EX mr1 mt1 ph1">Delivery</span><span class="w_EN w_ET w_EX mr1 mt1 ph1">1-day shipping</span></div></div></div></div></div></div><div class="mb1 ph1 pa0-xl bb b--near-white w-25"><div class="h-100 pb1-xl pr4-xl pv1 ph1"><div class="sans-serif mid-gray relative flex flex-column w-100" data-item-id="5BGL4T67T1TG"><a class="absolute w-100 h-100 z-1" href="/ip/ROLD-GOLD-Tiny-Pretzel-Twists-16-Oz/10900063?athbdg=L1600" link-identifier="10900063"><span class="w_AM">ROLD GOLD Tiny Pretzel Twists, 16 Oz </span></a><div class="" data-testid="list-view"><div class=""><div class="h2 relative mb2"><span class="w_EN w_ET w_EW absolute">Best seller</span></div><div class="relative"><div class="relative overflow-hidden" style="max-width: 290px; height: 0px; padding-bottom: min(290px, 100%); align-self: center; width: min(290px, 100%);"><img alt="" class="absolute top-0 left-0" data-testid="productTileImage" height="" loading="lazy" src="https://i5.walmartimages.com/asr/ed2332de-9a18-4ffa-8721-54f74071ed52_1.66eb06234341220ce87321a9acf41603.jpeg?odnHeight=580&amp;odnWidth=580&amp;odnBg=FFFFFF" srcset="https://i5.walmartimages.com/asr/ed2332de-9a18-4ffa-8721-54f74071ed52_1.66eb06234341220ce87321a9acf41603.jpeg?odnHeight=290&amp;odnWidth=290&amp;odnBg=FFFFFF 1x, https://i5.walmartimages.com/asr/ed2332de-9a18-4ffa-8721-54f74071ed52_1.66eb06234341220ce87321a9acf41603.jpeg?odnHeight=580&amp;odnWidth=580&amp;odnBg=FFFFFF 2x" width=""/></div><div class="z-2 absolute bottom--1"><div class="dib relative"><button aria-label="Add to cart - ROLD GOLD Tiny Pretzel Twists, 16 Oz" class="w_6 w_8 w_AD pointer bn bg-blue hover-bg-dark-blue white sans-serif b w-auto ph2 flex items-center justify-center shadow-1" type="button"><i class="ld ld-Plus" style="font-size: 1.5rem; vertical-align: -0.25em;" title="add to cart"></i><span class="mr2">Add</span></button></div></div></div><div class="mt5 mb1" data-testid="variant-5BGL4T67T1TG" style="height: 24px;"></div></div><div class=""><div class="flex flex-wrap justify-start items-center lh-title mb2 mb1-m"><div aria-hidden="true" class="b black f5 mr1 mr2-xl lh-copy f4-l">$2.98</div><span class="w_AM">current price $2.98</span><div class="f7 f6-l gray mr1">18.6 ¢/oz</div></div><span class="w_AJ" style="-webkit-line-clamp: 3; padding-bottom: 0em; margin-bottom: 0em;"><span class="f6 f5-l normal dark-gray mb0 mt1 lh-title">ROLD GOLD Tiny Pretzel Twists, 16 Oz</span></span><div class="mt2 flex items-center"><span class="black inline-flex mr1"><i aria-hidden="true" class="ld ld-StarFill" style="font-size: 12px; vertical-align: -0.175em;"></i><i aria-hidden="true" class="ld ld-StarFill" style="font-size: 12px; vertical-align: -0.175em;"></i><i aria-hidden="true" class="ld ld-StarFill" style="font-size: 12px; vertical-align: -0.175em;"></i><i aria-hidden="true" class="ld ld-StarFill" style="font-size: 12px; vertical-align: -0.175em;"></i><i aria-hidden="true" class="ld ld-StarHalf" style="font-size: 12px; vertical-align: -0.175em;"></i></span><span aria-hidden="true" class="sans-serif gray f7">637</span><span class="w_AM">4.5 out of 5 Stars. 637 reviews</span></div><div class="mv2 flex items-center"><div class="f7 mr1 blue b lh-copy">Save with</div><img alt="Walmart Plus" class="pr2 flex" height="20" loading="lazy" src="//i5.walmartimages.com/dfw/63fd9f59-ac39/29c6759d-7f14-49fa-bd3a-b870eb4fb8fb/v1/wplus-icon-blue.svg" width="20"/></div><div class="mt2 mb2"><span class="w_EN w_ET w_EX mr1 mt1 ph1">Pickup</span><span class="w_EN w_ET w_EX mr1 mt1 ph1">Delivery</span><span class="w_EN w_ET w_EX mr1 mt1 ph1">1-day shipping</span></div></div></div></div></div></div><div class="mb1 ph1 pa0-xl bb b--near-white w-25"><div class="h-100 pb1-xl pr4-xl pv1 ph1"><div class="sans-serif mid-gray relative flex flex-column w-100" data-item-id="7IL6YPX0L6O7"><a class="absolute w-100 h-100 z-1" href="/ip/Frito-Lay-Flavor-Mix-Chips-and-Snacks-Variety-Package-41-375-oz-42-Count/204384188" link-identifier="204384188"><span class="w_AM">Frito Lay Flavor Mix Chips and Snacks Variety Package 41.375 oz 42 Count </span></a><div class="" data-testid="list-view"><div class=""><div class="h2 relative mb2"></div><div class="relative"><div class="relative overflow-hidden" style="max-width: 290px; height: 0px; padding-bottom: min(290px, 100%); align-self: center; width: min(290px, 100%);"><img alt="" class="absolute top-0 left-0" data-testid="productTileImage" height="" loading="lazy" src="https://i5.walmartimages.com/asr/bfcd67ae-4b8f-491a-9b68-f9578acfff7b.cb4980404624b37f16f920032511d021.jpeg?odnHeight=580&amp;odnWidth=580&amp;odnBg=FFFFFF" srcset="https://i5.walmartimages.com/asr/bfcd67ae-4b8f-491a-9b68-f9578acfff7b.cb4980404624b37f16f920032511d021.jpeg?odnHeight=290&amp;odnWidth=290&amp;odnBg=FFFFFF 1x, https://i5.walmartimages.com/asr/bfcd67ae-4b8f-491a-9b68-f9578acfff7b.cb4980404624b37f16f920032511d021.jpeg?odnHeight=580&amp;odnWidth=580&amp;odnBg=FFFFFF 2x" width=""/></div><div class="z-2 absolute bottom--1"><div class="dib relative"><button aria-label="Add to cart - Frito Lay Flavor Mix Chips and Snacks Variety Package 41.375 oz 42 Count" class="w_6 w_8 w_AD pointer bn bg-blue hover-bg-dark-blue white sans-serif b w-auto ph2 flex items-center justify-center shadow-1" type="button"><i class="ld ld-Plus" style="font-size: 1.5rem; vertical-align: -0.25em;" title="add to cart"></i><span class="mr2">Add</span></button></div></div></div><div class="mt5 mb1" data-testid="variant-7IL6YPX0L6O7" style="height: 24px;"></div></div><div class=""><div class="flex flex-wrap justify-start items-center lh-title mb2 mb1-m"><div aria-hidden="true" class="b black f5 mr1 mr2-xl lh-copy f4-l">$33.44</div><span class="w_AM">current price $33.44</span></div><span class="w_AJ" style="-webkit-line-clamp: 3; padding-bottom: 0em; margin-bottom: 0em;"><span class="f6 f5-l normal dark-gray mb0 mt1 lh-title">Frito Lay Flavor Mix Chips and Snacks Variety Package 41.375 oz 42 Count</span></span><div class="mt2 flex items-center"><span class="black inline-flex mr1"><i aria-hidden="true" class="ld ld-StarFill" style="font-size: 12px; vertical-align: -0.175em;"></i><i aria-hidden="true" class="ld ld-StarFill" style="font-size: 12px; vertical-align: -0.175em;"></i><i aria-hidden="true" class="ld ld-StarFill" style="font-size: 12px; vertical-align: -0.175em;"></i><i aria-hidden="true" class="ld ld-StarFill" style="font-size: 12px; vertical-align: -0.175em;"></i><i aria-hidden="true" class="ld ld-StarHalf" style="font-size: 12px; vertical-align: -0.175em;"></i></span><span aria-hidden="true" class="sans-serif gray f7">230</span><span class="w_AM">4.3 out of 5 Stars. 230 reviews</span></div><div class="mt2 mb2"><span class="w_EN w_ET w_EX mr1 mt1 ph1">3+ day shipping</span></div></div></div></div></div></div><div class="mb1 ph1 pa0-xl bb b--near-white w-25"><div class="h-100 pb1-xl pr4-xl pv1 ph1"><div class="sans-serif mid-gray relative flex flex-column w-100" data-item-id="23DGIT1W8HG2"><a class="absolute w-100 h-100 z-1" href="/ip/28-oz-Utz-Cheddar-Cheese-Balls-Barrel/37319722?athbdg=L1600" link-identifier="37319722"><span class="w_AM">28 oz Utz Cheddar Cheese Balls Barrel </span></a><div class="" data-testid="list-view"><div class=""><div class="h2 relative mb2"><span class="w_EN w_ET w_EW absolute">Best seller</span></div><div class="relative"><div class="relative overflow-hidden" style="max-width: 290px; height: 0px; padding-bottom: min(290px, 100%); align-self: center; width: min(290px, 100%);"><img alt="" class="absolute top-0 left-0" data-testid="productTileImage" height="" loading="lazy" src="https://i5.walmartimages.com/asr/8beac0a6-ae97-4b50-9a15-c347ad718ee4.041c16d51f3ba083f3dc9ecbed573c9b.jpeg?odnHeight=580&amp;odnWidth=580&amp;odnBg=FFFFFF" srcset="https://i5.walmartimages.com/asr/8beac0a6-ae97-4b50-9a15-c347ad718ee4.041c16d51f3ba083f3dc9ecbed573c9b.jpeg?odnHeight=290&amp;odnWidth=290&amp;odnBg=FFFFFF 1x, https://i5.walmartimages.com/asr/8beac0a6-ae97-4b50-9a15-c347ad718ee4.041c16d51f3ba083f3dc9ecbed573c9b.jpeg?odnHeight=580&amp;odnWidth=580&amp;odnBg=FFFFFF 2x" width=""/></div><div class="z-2 absolute bottom--1"><div class="dib relative"><button aria-label="Add to cart - 28 oz Utz Cheddar Cheese Balls Barrel" class="w_6 w_8 w_AD pointer bn bg-blue hover-bg-dark-blue white sans-serif b w-auto ph2 flex items-center justify-center shadow-1" type="button"><i class="ld ld-Plus" style="font-size: 1.5rem; vertical-align: -0.25em;" title="add to cart"></i><span class="mr2">Add</span></button></div></div></div><div class="mt5 mb1" data-testid="variant-23DGIT1W8HG2" style="height: 24px;"></div></div><div class=""><div class="flex flex-wrap justify-start items-center lh-title mb2 mb1-m"><div aria-hidden="true" class="b black f5 mr1 mr2-xl lh-copy f4-l">$6.58</div><span class="w_AM">current price $6.58</span><div class="f7 f6-l gray mr1">23.5 ¢/oz</div></div><span class="w_AJ" style="-webkit-line-clamp: 3; padding-bottom: 0em; margin-bottom: 0em;"><span class="f6 f5-l normal dark-gray mb0 mt1 lh-title">28 oz Utz Cheddar Cheese Balls Barrel</span></span><div class="mt2 flex items-center"><span class="black inline-flex mr1"><i aria-hidden="true" class="ld ld-StarFill" style="font-size: 12px; vertical-align: -0.175em;"></i><i aria-hidden="true" class="ld ld-StarFill" style="font-size: 12px; vertical-align: -0.175em;"></i><i aria-hidden="true" class="ld ld-StarFill" style="font-size: 12px; vertical-align: -0.175em;"></i><i aria-hidden="true" class="ld ld-StarFill" style="font-size: 12px; vertical-align: -0.175em;"></i><i aria-hidden="true" class="ld ld-StarHalf" style="font-size: 12px; vertical-align: -0.175em;"></i></span><span aria-hidden="true" class="sans-serif gray f7">481</span><span class="w_AM">4.6 out of 5 Stars. 481 reviews</span></div><div class="mv2 flex items-center"><div class="f7 mr1 blue b lh-copy">Save with</div><img alt="Walmart Plus" class="pr2 flex" height="20" loading="lazy" src="//i5.walmartimages.com/dfw/63fd9f59-ac39/29c6759d-7f14-49fa-bd3a-b870eb4fb8fb/v1/wplus-icon-blue.svg" width="20"/></div><div class="mt2 mb2"><span class="w_EN w_ET w_EX mr1 mt1 ph1">Pickup</span><span class="w_EN w_ET w_EX mr1 mt1 ph1">Delivery</span><span class="w_EN w_ET w_EX mr1 mt1 ph1">1-day shipping</span></div></div></div></div></div></div><div class="mb1 ph1 pa0-xl bb b--near-white w-25"><div class="h-100 pb1-xl pr4-xl pv1 ph1"><div class="sans-serif mid-gray relative flex flex-column w-100" data-item-id="1CYHIW5RR2IG"><a class="absolute w-100 h-100 z-1" href="/ip/Fritos-Flavor-Twists-Honey-BBQ-Corn-Snacks-9-25-oz-Bag/49909660?athbdg=L1300" link-identifier="49909660"><span class="w_AM">Fritos Flavor Twists Honey BBQ Corn Snacks, 9.25 oz Bag </span></a><div class="" data-testid="list-view"><div class=""><div class="h2 relative mb2"><span class="w_EN w_EQ w_EW absolute">Rollback</span></div><div class="relative"><div class="relative overflow-hidden" style="max-width: 290px; height: 0px; padding-bottom: min(290px, 100%); align-self: center; width: min(290px, 100%);"><img alt="" class="absolute top-0 left-0" data-testid="productTileImage" height="" loading="lazy" src="https://i5.walmartimages.com/asr/81e47bf8-add6-46fe-bb32-f9d104c9716a_1.61da9a23b5d43cdeb67ed713eaa8e9c6.jpeg?odnHeight=580&amp;odnWidth=580&amp;odnBg=FFFFFF" srcset="https://i5.walmartimages.com/asr/81e47bf8-add6-46fe-bb32-f9d104c9716a_1.61da9a23b5d43cdeb67ed713eaa8e9c6.jpeg?odnHeight=290&amp;odnWidth=290&amp;odnBg=FFFFFF 1x, https://i5.walmartimages.com/asr/81e47bf8-add6-46fe-bb32-f9d104c9716a_1.61da9a23b5d43cdeb67ed713eaa8e9c6.jpeg?odnHeight=580&amp;odnWidth=580&amp;odnBg=FFFFFF 2x" width=""/></div><div class="z-2 absolute bottom--1"><div class="dib relative"><button aria-label="Add to cart - Fritos Flavor Twists Honey BBQ Corn Snacks, 9.25 oz Bag" class="w_6 w_8 w_AD pointer bn bg-blue hover-bg-dark-blue white sans-serif b w-auto ph2 flex items-center justify-center shadow-1" type="button"><i class="ld ld-Plus" style="font-size: 1.5rem; vertical-align: -0.25em;" title="add to cart"></i><span class="mr2">Add</span></button></div></div></div><div class="mt5 mb1" data-testid="variant-1CYHIW5RR2IG" style="height: 24px;"></div></div><div class=""><div class="flex flex-wrap justify-start items-center lh-title mb2 mb1-m"><div aria-hidden="true" class="b black f5 mr1 mr2-xl lh-copy f4-l">$3.00</div><span class="w_AM">current price $3.00</span><div aria-hidden="true" class="f7 f6-l strike gray mr3">$3.48</div><span class="w_AM">was $3.48</span><div class="f7 f6-l gray mr1">32.4 ¢/oz</div></div><span class="w_AJ" style="-webkit-line-clamp: 3; padding-bottom: 0em; margin-bottom: 0em;"><span class="f6 f5-l normal dark-gray mb0 mt1 lh-title">Fritos Flavor Twists Honey BBQ Corn Snacks, 9.25 oz Bag</span></span><div class="mt2 flex items-center"><span class="black inline-flex mr1"><i aria-hidden="true" class="ld ld-StarFill" style="font-size: 12px; vertical-align: -0.175em;"></i><i aria-hidden="true" class="ld ld-StarFill" style="font-size: 12px; vertical-align: -0.175em;"></i><i aria-hidden="true" class="ld ld-StarFill" style="font-size: 12px; vertical-align: -0.175em;"></i><i aria-hidden="true" class="ld ld-StarFill" style="font-size: 12px; vertical-align: -0.175em;"></i><i aria-hidden="true" class="ld ld-StarHalf" style="font-size: 12px; vertical-align: -0.175em;"></i></span><span aria-hidden="true" class="sans-serif gray f7">247</span><span class="w_AM">4.7 out of 5 Stars. 247 reviews</span></div><div class="mv2 flex items-center"><div class="f7 mr1 blue b lh-copy">Save with</div><img alt="Walmart Plus" class="pr2 flex" height="20" loading="lazy" src="//i5.walmartimages.com/dfw/63fd9f59-ac39/29c6759d-7f14-49fa-bd3a-b870eb4fb8fb/v1/wplus-icon-blue.svg" width="20"/></div><div class="mt2 mb2"><span class="w_EN w_ET w_EX mr1 mt1 ph1">Pickup</span><span class="w_EN w_ET w_EX mr1 mt1 ph1">Delivery</span><span class="w_EN w_ET w_EX mr1 mt1 ph1">1-day shipping</span></div></div></div></div></div></div><div class="mb1 ph1 pa0-xl bb b--near-white w-25"><div class="h-100 pb1-xl pr4-xl pv1 ph1"><div class="sans-serif mid-gray relative flex flex-column w-100" data-item-id="1OO8EWLJ38CQ"><a class="absolute w-100 h-100 z-1" href="/ip/Great-Value-Lightly-Salted-Restaurant-Style-White-Corn-Tortilla-Chips-13-oz/50003598" link-identifier="50003598"><span class="w_AM">Great Value Lightly Salted Restaurant Style White Corn Tortilla Chips, 13 oz </span></a><div class="" data-testid="list-view"><div class=""><div class="h2 relative mb2"></div><div class="relative"><div class="relative overflow-hidden" style="max-width: 290px; height: 0px; padding-bottom: min(290px, 100%); align-self: center; width: min(290px, 100%);"><img alt="" class="absolute top-0 left-0" data-testid="productTileImage" height="" loading="lazy" src="https://i5.walmartimages.com/asr/37816a6b-b4fd-40bd-8a6e-3105e3677ec3.478c44ec9862d50ae921594556d882bd.jpeg?odnHeight=580&amp;odnWidth=580&amp;odnBg=FFFFFF" srcset="https://i5.walmartimages.com/asr/37816a6b-b4fd-40bd-8a6e-3105e3677ec3.478c44ec9862d50ae921594556d882bd.jpeg?odnHeight=290&amp;odnWidth=290&amp;odnBg=FFFFFF 1x, https://i5.walmartimages.com/asr/37816a6b-b4fd-40bd-8a6e-3105e3677ec3.478c44ec9862d50ae921594556d882bd.jpeg?odnHeight=580&amp;odnWidth=580&amp;odnBg=FFFFFF 2x" width=""/></div><div class="z-2 absolute bottom--1"><div class="dib relative"><button aria-label="Add to cart - Great Value Lightly Salted Restaurant Style White Corn Tortilla Chips, 13 oz" class="w_6 w_8 w_AD pointer bn bg-blue hover-bg-dark-blue white sans-serif b w-auto ph2 flex items-center justify-center shadow-1" type="button"><i class="ld ld-Plus" style="font-size: 1.5rem; vertical-align: -0.25em;" title="add to cart"></i><span class="mr2">Add</span></button></div></div></div><div class="mt5 mb1" data-testid="variant-1OO8EWLJ38CQ" style="height: 24px;"></div></div><div class=""><div class="flex flex-wrap justify-start items-center lh-title mb2 mb1-m"><div aria-hidden="true" class="b black f5 mr1 mr2-xl lh-copy f4-l">$1.74</div><span class="w_AM">current price $1.74</span><div class="f7 f6-l gray mr1">13.4 ¢/oz</div></div><span class="w_AJ" style="-webkit-line-clamp: 3; padding-bottom: 0em; margin-bottom: 0em;"><span class="f6 f5-l normal dark-gray mb0 mt1 lh-title">Great Value Lightly Salted Restaurant Style White Corn Tortilla Chips, 13 oz</span></span><div class="mt2 flex items-center"><span class="black inline-flex mr1"><i aria-hidden="true" class="ld ld-StarFill" style="font-size: 12px; vertical-align: -0.175em;"></i><i aria-hidden="true" class="ld ld-StarFill" style="font-size: 12px; vertical-align: -0.175em;"></i><i aria-hidden="true" class="ld ld-StarFill" style="font-size: 12px; vertical-align: -0.175em;"></i><i aria-hidden="true" class="ld ld-StarFill" style="font-size: 12px; vertical-align: -0.175em;"></i><i aria-hidden="true" class="ld ld-StarHalf" style="font-size: 12px; vertical-align: -0.175em;"></i></span><span aria-hidden="true" class="sans-serif gray f7">453</span><span class="w_AM">4.3 out of 5 Stars. 453 reviews</span></div><div class="mv2 flex items-center"><div class="f7 mr1 blue b lh-copy">Save with</div><img alt="Walmart Plus" class="pr2 flex" height="20" loading="lazy" src="//i5.walmartimages.com/dfw/63fd9f59-ac39/29c6759d-7f14-49fa-bd3a-b870eb4fb8fb/v1/wplus-icon-blue.svg" width="20"/></div><div class="mt2 mb2"><span class="w_EN w_ET w_EX mr1 mt1 ph1">Pickup</span><span class="w_EN w_ET w_EX mr1 mt1 ph1">Delivery</span><span class="w_EN w_ET w_EX mr1 mt1 ph1">1-day shipping</span></div></div></div></div></div></div><div class="mb1 ph1 pa0-xl bb b--near-white w-25"><div class="h-100 pb1-xl pr4-xl pv1 ph1"><div class="sans-serif mid-gray relative flex flex-column w-100" data-item-id="1SKEMAHEULZT"><a class="absolute w-100 h-100 z-1" href="/ip/Doritos-Nacho-Cheese-Flavored-Tortilla-Chips-9-25-oz-Bag/786004155" link-identifier="786004155"><span class="w_AM">Doritos Nacho Cheese Flavored Tortilla Chips, 9.25 oz Bag </span></a><div class="" data-testid="list-view"><div class=""><div class="h2 relative mb2"></div><div class="relative"><div class="relative overflow-hidden" style="max-width: 290px; height: 0px; padding-bottom: min(290px, 100%); align-self: center; width: min(290px, 100%);"><img alt="" class="absolute top-0 left-0" data-testid="productTileImage" height="" loading="lazy" src="https://i5.walmartimages.com/asr/fecf3d38-d919-456b-bfe1-5153abee933d.ad508311cf5621b375ef9c2c00fdd036.jpeg?odnHeight=580&amp;odnWidth=580&amp;odnBg=FFFFFF" srcset="https://i5.walmartimages.com/asr/fecf3d38-d919-456b-bfe1-5153abee933d.ad508311cf5621b375ef9c2c00fdd036.jpeg?odnHeight=290&amp;odnWidth=290&amp;odnBg=FFFFFF 1x, https://i5.walmartimages.com/asr/fecf3d38-d919-456b-bfe1-5153abee933d.ad508311cf5621b375ef9c2c00fdd036.jpeg?odnHeight=580&amp;odnWidth=580&amp;odnBg=FFFFFF 2x" width=""/></div><div class="z-2 absolute bottom--1"><div class="dib relative"><button aria-label="Add to cart - Doritos Nacho Cheese Flavored Tortilla Chips, 9.25 oz Bag" class="w_6 w_8 w_AD pointer bn bg-blue hover-bg-dark-blue white sans-serif b w-auto ph2 flex items-center justify-center shadow-1" type="button"><i class="ld ld-Plus" style="font-size: 1.5rem; vertical-align: -0.25em;" title="add to cart"></i><span class="mr2">Add</span></button></div></div></div><div class="mt5 mb1" data-testid="variant-1SKEMAHEULZT" style="height: 24px;"></div></div><div class=""><div class="flex flex-wrap justify-start items-center lh-title mb2 mb1-m"><div aria-hidden="true" class="b black f5 mr1 mr2-xl lh-copy f4-l">$3.48</div><span class="w_AM">current price $3.48</span><div class="f7 f6-l gray mr1">37.4 ¢/oz</div></div><span class="w_AJ" style="-webkit-line-clamp: 3; padding-bottom: 0em; margin-bottom: 0em;"><span class="f6 f5-l normal dark-gray mb0 mt1 lh-title">Doritos Nacho Cheese Flavored Tortilla Chips, 9.25 oz Bag</span></span><div class="mt2 flex items-center"><span class="black inline-flex mr1"><i aria-hidden="true" class="ld ld-StarFill" style="font-size: 12px; vertical-align: -0.175em;"></i><i aria-hidden="true" class="ld ld-StarFill" style="font-size: 12px; vertical-align: -0.175em;"></i><i aria-hidden="true" class="ld ld-StarFill" style="font-size: 12px; vertical-align: -0.175em;"></i><i aria-hidden="true" class="ld ld-StarFill" style="font-size: 12px; vertical-align: -0.175em;"></i><i aria-hidden="true" class="ld ld-StarHalf" style="font-size: 12px; vertical-align: -0.175em;"></i></span><span aria-hidden="true" class="sans-serif gray f7">116</span><span class="w_AM">4.3 out of 5 Stars. 116 reviews</span></div><div class="mv2 flex items-center"><div class="f7 mr1 blue b lh-copy">Save with</div><img alt="Walmart Plus" class="pr2 flex" height="20" loading="lazy" src="//i5.walmartimages.com/dfw/63fd9f59-ac39/29c6759d-7f14-49fa-bd3a-b870eb4fb8fb/v1/wplus-icon-blue.svg" width="20"/></div><div class="mt2 mb2"><span class="w_EN w_ET w_EX mr1 mt1 ph1">Pickup</span><span class="w_EN w_ET w_EX mr1 mt1 ph1">Delivery</span></div></div></div></div></div></div><div class="mb1 ph1 pa0-xl bb b--near-white w-25"><div class="h-100 pb1-xl pr4-xl pv1 ph1"><div class="sans-serif mid-gray relative flex flex-column w-100" data-item-id="4CUXHISMLA2C"><a class="absolute w-100 h-100 z-1" href="/ip/Lay-s-Potato-Chips-Barbecue-Flavor-7-75-oz-Bag/33282305" link-identifier="33282305"><span class="w_AM">Lay's Potato Chips, Barbecue Flavor, 7.75 oz Bag </span></a><div class="" data-testid="list-view"><div class=""><div class="h2 relative mb2"></div><div class="relative"><div class="relative overflow-hidden" style="max-width: 290px; height: 0px; padding-bottom: min(290px, 100%); align-self: center; width: min(290px, 100%);"><img alt="" class="absolute top-0 left-0" data-testid="productTileImage" height="" loading="lazy" src="https://i5.walmartimages.com/asr/3a3bac6f-c3c1-4deb-ac5f-ed76e17e3009.00bf1b0ce6421683a4453591073ec472.jpeg?odnHeight=580&amp;odnWidth=580&amp;odnBg=FFFFFF" srcset="https://i5.walmartimages.com/asr/3a3bac6f-c3c1-4deb-ac5f-ed76e17e3009.00bf1b0ce6421683a4453591073ec472.jpeg?odnHeight=290&amp;odnWidth=290&amp;odnBg=FFFFFF 1x, https://i5.walmartimages.com/asr/3a3bac6f-c3c1-4deb-ac5f-ed76e17e3009.00bf1b0ce6421683a4453591073ec472.jpeg?odnHeight=580&amp;odnWidth=580&amp;odnBg=FFFFFF 2x" width=""/></div><div class="z-2 absolute bottom--1"><div class="dib relative"><button aria-label="Add to cart - Lay's Potato Chips, Barbecue Flavor, 7.75 oz Bag" class="w_6 w_8 w_AD pointer bn bg-blue hover-bg-dark-blue white sans-serif b w-auto ph2 flex items-center justify-center shadow-1" type="button"><i class="ld ld-Plus" style="font-size: 1.5rem; vertical-align: -0.25em;" title="add to cart"></i><span class="mr2">Add</span></button></div></div></div><div class="mt5 mb1" data-testid="variant-4CUXHISMLA2C" style="height: 24px;"></div></div><div class=""><div class="flex flex-wrap justify-start items-center lh-title mb2 mb1-m"><div aria-hidden="true" class="b black f5 mr1 mr2-xl lh-copy f4-l">$2.98</div><span class="w_AM">current price $2.98</span><div class="f7 f6-l gray mr1">38.5 ¢/oz</div></div><span class="w_AJ" style="-webkit-line-clamp: 3; padding-bottom: 0em; margin-bottom: 0em;"><span class="f6 f5-l normal dark-gray mb0 mt1 lh-title">Lay's Potato Chips, Barbecue Flavor, 7.75 oz Bag</span></span><div class="mt2 flex items-center"><span class="black inline-flex mr1"><i aria-hidden="true" class="ld ld-StarFill" style="font-size: 12px; vertical-align: -0.175em;"></i><i aria-hidden="true" class="ld ld-StarFill" style="font-size: 12px; vertical-align: -0.175em;"></i><i aria-hidden="true" class="ld ld-StarFill" style="font-size: 12px; vertical-align: -0.175em;"></i><i aria-hidden="true" class="ld ld-StarFill" style="font-size: 12px; vertical-align: -0.175em;"></i><i aria-hidden="true" class="ld ld-StarHalf" style="font-size: 12px; vertical-align: -0.175em;"></i></span><span aria-hidden="true" class="sans-serif gray f7">279</span><span class="w_AM">4.5 out of 5 Stars. 279 reviews</span></div><div class="mv2 flex items-center"><div class="f7 mr1 blue b lh-copy">Save with</div><img alt="Walmart Plus" class="pr2 flex" height="20" loading="lazy" src="//i5.walmartimages.com/dfw/63fd9f59-ac39/29c6759d-7f14-49fa-bd3a-b870eb4fb8fb/v1/wplus-icon-blue.svg" width="20"/></div><div class="mt2 mb2"><span class="w_EN w_ET w_EX mr1 mt1 ph1">Pickup</span><span class="w_EN w_ET w_EX mr1 mt1 ph1">Delivery</span><span class="w_EN w_ET w_EX mr1 mt1 ph1">1-day shipping</span></div></div></div></div></div></div><div class="mb1 ph1 pa0-xl bb b--near-white w-25 pb1-xl"><div class="h-100 pb1-xl pr4-xl pv1 ph1"><div class="sans-serif mid-gray relative flex flex-column w-100" data-item-id="4GPWC79YPUEZ"><a class="absolute w-100 h-100 z-1" href="/ip/Doritos-Nacho-Cheese-Flavored-Tortilla-Chips-Party-Size-14-5-oz-Bag/433078517" link-identifier="433078517"><span class="w_AM">Doritos Nacho Cheese Flavored Tortilla Chips, Party Size, 14.5 oz Bag </span></a><div class="" data-testid="list-view"><div class=""><div class="h2 relative mb2"></div><div class="relative"><div class="relative overflow-hidden" style="max-width: 290px; height: 0px; padding-bottom: min(290px, 100%); align-self: center; width: min(290px, 100%);"><img alt="" class="absolute top-0 left-0" data-testid="productTileImage" height="" loading="lazy" src="https://i5.walmartimages.com/asr/2396257b-2d84-4661-9967-163e4ff3ecfd.3a30ab33a401d8be31ea9fbaf599d561.jpeg?odnHeight=580&amp;odnWidth=580&amp;odnBg=FFFFFF" srcset="https://i5.walmartimages.com/asr/2396257b-2d84-4661-9967-163e4ff3ecfd.3a30ab33a401d8be31ea9fbaf599d561.jpeg?odnHeight=290&amp;odnWidth=290&amp;odnBg=FFFFFF 1x, https://i5.walmartimages.com/asr/2396257b-2d84-4661-9967-163e4ff3ecfd.3a30ab33a401d8be31ea9fbaf599d561.jpeg?odnHeight=580&amp;odnWidth=580&amp;odnBg=FFFFFF 2x" width=""/></div></div><div class="mt5 mb1" data-testid="variant-4GPWC79YPUEZ" style="height: 24px;"></div></div><div class=""><div class="flex flex-wrap justify-start items-center lh-title mb2 mb1-m"><div aria-hidden="true" class="normal gray f5 mr1 mr2-xl lh-copy f4-l">$4.48</div><span class="w_AM">current price $4.48</span><div class="f7 f6-l gray mr1">30.9 ¢/oz</div></div><span class="w_AJ" style="-webkit-line-clamp: 3; padding-bottom: 0em; margin-bottom: 0em;"><span class="f6 f5-l normal dark-gray mb0 mt1 lh-title">Doritos Nacho Cheese Flavored Tortilla Chips, Party Size, 14.5 oz Bag</span></span><div class="mt2 flex items-center"><span class="black inline-flex mr1"><i aria-hidden="true" class="ld ld-StarFill" style="font-size: 12px; vertical-align: -0.175em;"></i><i aria-hidden="true" class="ld ld-StarFill" style="font-size: 12px; vertical-align: -0.175em;"></i><i aria-hidden="true" class="ld ld-StarFill" style="font-size: 12px; vertical-align: -0.175em;"></i><i aria-hidden="true" class="ld ld-StarFill" style="font-size: 12px; vertical-align: -0.175em;"></i><i aria-hidden="true" class="ld ld-Star" style="font-size: 12px; vertical-align: -0.175em;"></i></span><span aria-hidden="true" class="sans-serif gray f7">280</span><span class="w_AM">4 out of 5 Stars. 280 reviews</span></div><div class="sans-serif gray f7 f6-l pb2 mt3">Out of stock</div></div></div></div><div class="pt2-l"><button aria-expanded="false" aria-label="Shop similar - Doritos Nacho Cheese Flavored Tortilla Chips, Party Size, 14.5 oz Bag" class="pa0 self-start db b--none bg-white f6 sans-serif underline" type="button">Shop similar</button></div></div></div><div class="mb1 ph1 pa0-xl bb b--near-white w-25 pb1-xl"><div class="h-100 pb1-xl pr4-xl pv1 ph1"><div class="sans-serif mid-gray relative flex flex-column w-100" data-item-id="0U3FDEFTFXFE"><a class="absolute w-100 h-100 z-1" href="/ip/Munchos-Potato-Chips-4-25-Oz/323676370" link-identifier="323676370"><span class="w_AM">Munchos Potato Chips, 4.25 Oz. </span></a><div class="" data-testid="list-view"><div class=""><div class="h2 relative mb2"></div><div class="relative"><div class="relative overflow-hidden" style="max-width: 290px; height: 0px; padding-bottom: min(290px, 100%); align-self: center; width: min(290px, 100%);"><img alt="" class="absolute top-0 left-0" data-testid="productTileImage" height="" loading="lazy" src="https://i5.walmartimages.com/asr/74138965-e05c-483f-b3ef-52e049fa8819_1.d450413ed4b9474d299448e93d6dc5e4.jpeg?odnHeight=580&amp;odnWidth=580&amp;odnBg=FFFFFF" srcset="https://i5.walmartimages.com/asr/74138965-e05c-483f-b3ef-52e049fa8819_1.d450413ed4b9474d299448e93d6dc5e4.jpeg?odnHeight=290&amp;odnWidth=290&amp;odnBg=FFFFFF 1x, https://i5.walmartimages.com/asr/74138965-e05c-483f-b3ef-52e049fa8819_1.d450413ed4b9474d299448e93d6dc5e4.jpeg?odnHeight=580&amp;odnWidth=580&amp;odnBg=FFFFFF 2x" width=""/></div></div><div class="mt5 mb1" data-testid="variant-0U3FDEFTFXFE" style="height: 24px;"></div></div><div class=""><div class="flex flex-wrap justify-start items-center lh-title mb2 mb1-m"><div aria-hidden="true" class="normal gray f5 mr1 mr2-xl lh-copy f4-l">$2.28</div><span class="w_AM">current price $2.28</span><div class="f7 f6-l gray mr1">53.6 ¢/oz</div></div><span class="w_AJ" style="-webkit-line-clamp: 3; padding-bottom: 0em; margin-bottom: 0em;"><span class="f6 f5-l normal dark-gray mb0 mt1 lh-title">Munchos Potato Chips, 4.25 Oz.</span></span><div class="mt2 flex items-center"><span class="black inline-flex mr1"><i aria-hidden="true" class="ld ld-StarFill" style="font-size: 12px; vertical-align: -0.175em;"></i><i aria-hidden="true" class="ld ld-StarFill" style="font-size: 12px; vertical-align: -0.175em;"></i><i aria-hidden="true" class="ld ld-StarFill" style="font-size: 12px; vertical-align: -0.175em;"></i><i aria-hidden="true" class="ld ld-StarFill" style="font-size: 12px; vertical-align: -0.175em;"></i><i aria-hidden="true" class="ld ld-StarHalf" style="font-size: 12px; vertical-align: -0.175em;"></i></span><span aria-hidden="true" class="sans-serif gray f7">256</span><span class="w_AM">4.7 out of 5 Stars. 256 reviews</span></div><div class="sans-serif gray f7 f6-l pb2 mt3">Out of stock</div></div></div></div><div class="pt2-l"><button aria-expanded="false" aria-label="Shop similar - Munchos Potato Chips, 4.25 Oz." class="pa0 self-start db b--none bg-white f6 sans-serif underline" type="button">Shop similar</button></div></div></div><div class="mb1 ph1 pa0-xl bb b--near-white w-25 pb1-xl"><div class="h-100 pb1-xl pr4-xl pv1 ph1"><div class="sans-serif mid-gray relative flex flex-column w-100" data-item-id="3X70ANP2USHD"><a class="absolute w-100 h-100 z-1" href="/ip/Great-Value-Original-Rippled-Potato-Chips-Party-Size-13-5-oz/176493421" link-identifier="176493421"><span class="w_AM">Great Value Original Rippled Potato Chips Party Size, 13.5 oz </span></a><div class="" data-testid="list-view"><div class=""><div class="h2 relative mb2"></div><div class="relative"><div class="relative overflow-hidden" style="max-width: 290px; height: 0px; padding-bottom: min(290px, 100%); align-self: center; width: min(290px, 100%);"><img alt="" class="absolute top-0 left-0" data-testid="productTileImage" height="" loading="lazy" src="https://i5.walmartimages.com/asr/694500b7-24e9-487d-9f54-c5497c58ee69_2.b21f07f97beed97cf35ca05ffc838961.jpeg?odnHeight=580&amp;odnWidth=580&amp;odnBg=FFFFFF" srcset="https://i5.walmartimages.com/asr/694500b7-24e9-487d-9f54-c5497c58ee69_2.b21f07f97beed97cf35ca05ffc838961.jpeg?odnHeight=290&amp;odnWidth=290&amp;odnBg=FFFFFF 1x, https://i5.walmartimages.com/asr/694500b7-24e9-487d-9f54-c5497c58ee69_2.b21f07f97beed97cf35ca05ffc838961.jpeg?odnHeight=580&amp;odnWidth=580&amp;odnBg=FFFFFF 2x" width=""/></div></div><div class="mt5 mb1" data-testid="variant-3X70ANP2USHD" style="height: 24px;"></div></div><div class=""><div class="flex flex-wrap justify-start items-center lh-title mb2 mb1-m"><div aria-hidden="true" class="normal gray f5 mr1 mr2-xl lh-copy f4-l">$2.37</div><span class="w_AM">current price $2.37</span><div class="f7 f6-l gray mr1">17.6 ¢/oz</div></div><span class="w_AJ" style="-webkit-line-clamp: 3; padding-bottom: 0em; margin-bottom: 0em;"><span class="f6 f5-l normal dark-gray mb0 mt1 lh-title">Great Value Original Rippled Potato Chips Party Size, 13.5 oz</span></span><div class="mt2 flex items-center"><span class="black inline-flex mr1"><i aria-hidden="true" class="ld ld-StarFill" style="font-size: 12px; vertical-align: -0.175em;"></i><i aria-hidden="true" class="ld ld-StarFill" style="font-size: 12px; vertical-align: -0.175em;"></i><i aria-hidden="true" class="ld ld-StarFill" style="font-size: 12px; vertical-align: -0.175em;"></i><i aria-hidden="true" class="ld ld-StarFill" style="font-size: 12px; vertical-align: -0.175em;"></i><i aria-hidden="true" class="ld ld-Star" style="font-size: 12px; vertical-align: -0.175em;"></i></span><span aria-hidden="true" class="sans-serif gray f7">66</span><span class="w_AM">4 out of 5 Stars. 66 reviews</span></div><div class="sans-serif gray f7 f6-l pb2 mt3">Out of stock</div></div></div></div><div class="pt2-l"><button aria-expanded="false" aria-label="Shop similar - Great Value Original Rippled Potato Chips Party Size, 13.5 oz" class="pa0 self-start db b--none bg-white f6 sans-serif underline" type="button">Shop similar</button></div></div></div><div class="mb1 ph1 pa0-xl bb b--near-white w-25 pb1-xl"><div class="h-100 pb1-xl pr4-xl pv1 ph1"><div class="sans-serif mid-gray relative flex flex-column w-100" data-item-id="3S3K0IPDJA4Y"><a class="absolute w-100 h-100 z-1" href="/ip/Great-Value-Chili-Cheese-Corn-Chips-10-Oz/736046305" link-identifier="736046305"><span class="w_AM">Great Value Chili Cheese Corn Chips, 10 Oz. </span></a><div class="" data-testid="list-view"><div class=""><div class="h2 relative mb2"></div><div class="relative"><div class="relative overflow-hidden" style="max-width: 290px; height: 0px; padding-bottom: min(290px, 100%); align-self: center; width: min(290px, 100%);"><img alt="" class="absolute top-0 left-0" data-testid="productTileImage" height="" loading="lazy" src="https://i5.walmartimages.com/asr/9d0f9389-6ec0-4729-860c-197c8258be22_1.09b35e982f2f2d2b3982f3220382c7e7.jpeg?odnHeight=580&amp;odnWidth=580&amp;odnBg=FFFFFF" srcset="https://i5.walmartimages.com/asr/9d0f9389-6ec0-4729-860c-197c8258be22_1.09b35e982f2f2d2b3982f3220382c7e7.jpeg?odnHeight=290&amp;odnWidth=290&amp;odnBg=FFFFFF 1x, https://i5.walmartimages.com/asr/9d0f9389-6ec0-4729-860c-197c8258be22_1.09b35e982f2f2d2b3982f3220382c7e7.jpeg?odnHeight=580&amp;odnWidth=580&amp;odnBg=FFFFFF 2x" width=""/></div></div><div class="mt5 mb1" data-testid="variant-3S3K0IPDJA4Y" style="height: 24px;"></div></div><div class=""><div class="flex flex-wrap justify-start items-center lh-title mb2 mb1-m"><div aria-hidden="true" class="normal gray f5 mr1 mr2-xl lh-copy f4-l">$3.77</div><span class="w_AM">current price $3.77</span><div class="f7 f6-l gray mr1">37.7 ¢/oz</div></div><span class="w_AJ" style="-webkit-line-clamp: 3; padding-bottom: 0em; margin-bottom: 0em;"><span class="f6 f5-l normal dark-gray mb0 mt1 lh-title">Great Value Chili Cheese Corn Chips, 10 Oz.</span></span><div class="mt2 flex items-center"><span class="black inline-flex mr1"><i aria-hidden="true" class="ld ld-StarFill" style="font-size: 12px; vertical-align: -0.175em;"></i><i aria-hidden="true" class="ld ld-StarFill" style="font-size: 12px; vertical-align: -0.175em;"></i><i aria-hidden="true" class="ld ld-StarFill" style="font-size: 12px; vertical-align: -0.175em;"></i><i aria-hidden="true" class="ld ld-StarFill" style="font-size: 12px; vertical-align: -0.175em;"></i><i aria-hidden="true" class="ld ld-StarHalf" style="font-size: 12px; vertical-align: -0.175em;"></i></span><span aria-hidden="true" class="sans-serif gray f7">283</span><span class="w_AM">4.4 out of 5 Stars. 283 reviews</span></div><div class="sans-serif gray f7 f6-l pb2 mt3">Out of stock</div></div></div></div><div class="pt2-l"><button aria-expanded="false" aria-label="Shop similar - Great Value Chili Cheese Corn Chips, 10 Oz." class="pa0 self-start db b--none bg-white f6 sans-serif underline" type="button">Shop similar</button></div></div></div><div class="mb1 ph1 pa0-xl bb b--near-white w-25 pb1-xl"><div class="h-100 pb1-xl pr4-xl pv1 ph1"><div class="sans-serif mid-gray relative flex flex-column w-100" data-item-id="2DEDGI72YY12"><a class="absolute w-100 h-100 z-1" href="/ip/Great-Value-Party-Size-Barbecue-Potato-Chips-12-5-oz/597964523" link-identifier="597964523"><span class="w_AM">Great Value Party Size Barbecue Potato Chips, 12.5 oz </span></a><div class="" data-testid="list-view"><div class=""><div class="h2 relative mb2"></div><div class="relative"><div class="relative overflow-hidden" style="max-width: 290px; height: 0px; padding-bottom: min(290px, 100%); align-self: center; width: min(290px, 100%);"><img alt="" class="absolute top-0 left-0" data-testid="productTileImage" height="" loading="lazy" src="https://i5.walmartimages.com/asr/4e52bd84-9c72-4c9e-bf4c-b4e0e183c8b8.eb1957f3f6c3694f9e4797bb483512b7.jpeg?odnHeight=580&amp;odnWidth=580&amp;odnBg=FFFFFF" srcset="https://i5.walmartimages.com/asr/4e52bd84-9c72-4c9e-bf4c-b4e0e183c8b8.eb1957f3f6c3694f9e4797bb483512b7.jpeg?odnHeight=290&amp;odnWidth=290&amp;odnBg=FFFFFF 1x, https://i5.walmartimages.com/asr/4e52bd84-9c72-4c9e-bf4c-b4e0e183c8b8.eb1957f3f6c3694f9e4797bb483512b7.jpeg?odnHeight=580&amp;odnWidth=580&amp;odnBg=FFFFFF 2x" width=""/></div></div><div class="mt5 mb1" data-testid="variant-2DEDGI72YY12" style="height: 24px;"></div></div><div class=""><div class="flex flex-wrap justify-start items-center lh-title mb2 mb1-m"><div aria-hidden="true" class="normal gray f5 mr1 mr2-xl lh-copy f4-l">$2.37</div><span class="w_AM">current price $2.37</span><div class="f7 f6-l gray mr1">19.0 ¢/oz</div></div><span class="w_AJ" style="-webkit-line-clamp: 3; padding-bottom: 0em; margin-bottom: 0em;"><span class="f6 f5-l normal dark-gray mb0 mt1 lh-title">Great Value Party Size Barbecue Potato Chips, 12.5 oz</span></span><div class="mt2 flex items-center"><span class="black inline-flex mr1"><i aria-hidden="true" class="ld ld-StarFill" style="font-size: 12px; vertical-align: -0.175em;"></i><i aria-hidden="true" class="ld ld-StarFill" style="font-size: 12px; vertical-align: -0.175em;"></i><i aria-hidden="true" class="ld ld-StarFill" style="font-size: 12px; vertical-align: -0.175em;"></i><i aria-hidden="true" class="ld ld-StarFill" style="font-size: 12px; vertical-align: -0.175em;"></i><i aria-hidden="true" class="ld ld-Star" style="font-size: 12px; vertical-align: -0.175em;"></i></span><span aria-hidden="true" class="sans-serif gray f7">18</span><span class="w_AM">3.9 out of 5 Stars. 18 reviews</span></div><div class="sans-serif gray f7 f6-l pb2 mt3">Out of stock</div></div></div></div><div class="pt2-l"><button aria-expanded="false" aria-label="Shop similar - Great Value Party Size Barbecue Potato Chips, 12.5 oz" class="pa0 self-start db b--none bg-white f6 sans-serif underline" type="button">Shop similar</button></div></div></div></div></section></div><nav aria-label="pagination" class="mt6 mb5"><ul class="list flex items-center justify-center pa0"><li aria-hidden="true"><div class="w4 h4"></div></li><li><a aria-current="page" class="sans-serif ph1 pv2 w4 h4 lh-copy border-box br-100 b--solid mh2-m db tc no-underline black bg-white b b--blue" href="/browse/food/chips/976759_976787_1001390?affinityOverride=default" link-identifier="Generic Name">1</a></li><li><a aria-label="Go to Page 2" class="sans-serif ph1 pv2 w4 h4 lh-copy border-box br-100 b--solid mh2-m db tc no-underline black bg-white b--white-90" href="/browse/food/chips/976759_976787_1001390?page=2&amp;affinityOverride=default" link-identifier="Generic Name">2</a></li><li><a aria-label="Go to Page 3" class="sans-serif ph1 pv2 w4 h4 lh-copy border-box br-100 b--solid mh2-m db tc no-underline black bg-white b--white-90" href="/browse/food/chips/976759_976787_1001390?page=3&amp;affinityOverride=default" link-identifier="Generic Name">3</a></li><li><a aria-label="Go to Page 4" class="sans-serif ph1 pv2 w4 h4 lh-copy border-box br-100 b--solid mh2-m db tc no-underline black bg-white b--white-90" href="/browse/food/chips/976759_976787_1001390?page=4&amp;affinityOverride=default" link-identifier="Generic Name">4</a></li><li><div class="sans-serif pa1 lh-copy border-box bg-white">...</div></li><li><a aria-label="Go to Page 25" class="sans-serif ph1 pv2 w4 h4 lh-copy border-box br-100 b--solid mh2-m db tc no-underline black bg-white b--white-90" href="/browse/food/chips/976759_976787_1001390?page=25&amp;affinityOverride=default" link-identifier="Generic Name">25</a></li><li><a aria-label="Next Page" class="sans-serif ph1 pv2 w4 h4 border-box bg-white br-100 b--solid ba mh2-m db tc no-underline b--light-gray" data-testid="NextPage" href="/browse/food/chips/976759_976787_1001390?page=2&amp;affinityOverride=default" link-identifier="Generic Name"><i class="ld ld-ChevronRight pv1 blue" style="font-size: 1.5rem; vertical-align: -0.25em;"></i></a></li></ul></nav></div></div><div class="w_CF pa0" id="BROWSE-MarqueeDisplayAd-marquee2"></div> <div class="pt3"><div class="w_CF pa0" id="BROWSE-SponsoredProductCarousel-bottom"></div></div> <!-- --> <!-- --><div class="ph3 mb6 center"><section><h2 class="w_G f5 lh-title mb3" style="margin-top: 32px;">Popular in Chips – Walmart.com</h2><ul class="flex flex-wrap flex-grow-0 flex-shrink-0 list ma0 pa0"><li class="mr3 mb2"><a class="mid-gray f7 no-underline dib" href="/c/kp/rippled-chips" link-identifier="Rippled Chips">Rippled Chips</a></li><li class="mr3 mb2"><a class="mid-gray f7 no-underline dib" href="/c/kp/voodoo-chip" link-identifier="Voodoo Chip">Voodoo Chip</a></li><li class="mr3 mb2"><a class="mid-gray f7 no-underline dib" href="/c/kp/churritos-snacks" link-identifier="Churritos Snacks">Churritos Snacks</a></li><li class="mr3 mb2"><a class="mid-gray f7 no-underline dib" href="/c/kp/buffalo-chips" link-identifier="Buffalo Chips">Buffalo Chips</a></li><li class="mr3 mb2"><a class="mid-gray f7 no-underline dib" href="/c/kp/granite-chips" link-identifier="Granite Chips">Granite Chips</a></li><li class="mr3 mb2"><a class="mid-gray f7 no-underline dib" href="/c/kp/con-chip" link-identifier="Con Chip">Con Chip</a></li><li class="mr3 mb2"><a class="mid-gray f7 no-underline dib" href="/c/kp/scoops-chip" link-identifier="Scoops Chip">Scoops Chip</a></li><li class="mr3 mb2"><a class="mid-gray f7 no-underline dib" href="/c/kp/hamburger-chips" link-identifier="Hamburger Chips">Hamburger Chips</a></li><li class="mr3 mb2"><a class="mid-gray f7 no-underline dib" href="/c/kp/hip-chips" link-identifier="Hip Chips">Hip Chips</a></li><li class="mr3 mb2"><a class="mid-gray f7 no-underline dib" href="/c/brand/donkey-chips" link-identifier="Brand: Donkey Chips">Brand: Donkey Chips</a></li><li class="mr3 mb2"><a class="mid-gray f7 no-underline dib" href="/c/kp/hawaiian-chips" link-identifier="Hawaiian Chips">Hawaiian Chips</a></li><li class="mr3 mb2"><a class="mid-gray f7 no-underline dib" href="/c/kp/crab-chip" link-identifier="Crab Chip">Crab Chip</a></li></ul></section></div><hr aria-hidden="true" class="w_Ah"/> </div></div></div></div></main></div></div><span><footer class="bg-washed-blue pt5 lh-copy relative z-0"><div class="mb5 pv1 tc"><p class="f5 mt0">We’d love to hear what you think!</p><button class="w_6 w_9 w_AD" type="button">Give feedback</button></div><div class="bg-dark-blue pv4"><ul class="center flex flex-wrap justify-center list ma0 ph4 pb4 pt3 mw1280"><li><a class="no-underline pointer f6 white mr4" href="/all-departments" link-identifier="All Departments">All Departments</a></li><li><a aria-label="Store Directory - opens in a new window" class="no-underline pointer f6 white mr4" href="/store/directory" link-identifier="Store Directory" rel="noopener noreferrer" target="_blank">Store Directory</a></li><li><a aria-label="Careers - opens in a new window" class="no-underline pointer f6 white mr4" href="https://careers.walmart.com/" link-identifier="Careers" rel="noopener noreferrer" target="_blank">Careers</a></li><li><a aria-label="Our Company - opens in a new window" class="no-underline pointer f6 white mr4" href="https://corporate.walmart.com/" link-identifier="Our Company" rel="noopener noreferrer" target="_blank">Our Company</a></li><li><a aria-label="Sell on Walmart.com - opens in a new window" class="no-underline pointer f6 white mr4" href="https://marketplace.walmart.com/?utm_source=Walmart.com&amp;utm_medium=link&amp;utm_campaign=footer" link-identifier="Sell on Walmart.com" rel="noopener noreferrer" target="_blank">Sell on Walmart.com</a></li><li><a class="no-underline pointer f6 white mr4" href="/help" link-identifier="Help">Help</a></li><li><a class="no-underline pointer f6 white mr4" href="https://www.walmart.com/cp/flu-shots-immunizations/1228302" link-identifier="COVID-19 Vaccine Scheduler">COVID-19 Vaccine Scheduler</a></li><li><a aria-label="Product Recalls - opens in a new window" class="no-underline pointer f6 white mr4" href="https://corporate.walmart.com/recalls" link-identifier="Product Recalls" rel="noopener noreferrer" target="_blank">Product Recalls</a></li><li><a aria-label="Accessibility - opens in a new window" class="no-underline pointer f6 white mr4" href="https://www.walmart.com/help/article/responsible-disclosure-and-accessibility-policies/0f173dab8bd942da84b1cd7ab5ffc3cb" link-identifier="Accessibility" rel="noopener noreferrer" target="_blank">Accessibility</a></li><li><a aria-label="Tax Exempt Program - opens in a new window" class="no-underline pointer f6 white mr4" href="https://www.walmart.com/taxexempt/" link-identifier="Tax Exempt Program" rel="noopener noreferrer" target="_blank">Tax Exempt Program</a></li><li><a class="no-underline pointer f6 white mr4" href="https://walmart.onelink.me/UIev?pid=walmart.com&amp;af_web_dp=https%3A%2F%2Fwww.walmart.com%2Fcp%2Fwalmart-mobile-app%2F1087865&amp;c=Walmart.com%20Site%20Footer&amp;af_dp=walmart%3A%2F%2F" link-identifier="Get the Walmart App">Get the Walmart App</a></li><li><a class="no-underline pointer f6 white mr4" href="https://www.walmart.com/account/communications-and-privacy?section=marketingemails" link-identifier="Sign-up for Email">Sign-up for Email</a></li><li><a class="no-underline pointer f6 white mr4" href="/help/article/walmart-com-terms-of-use/3b75080af40340d6bbd596f116fae5a0" link-identifier="Terms of Use">Terms of Use</a></li><li><a aria-label="Privacy &amp; Security - opens in a new window" class="no-underline pointer f6 white mr4" href="https://corporate.walmart.com/privacy-security" link-identifier="Privacy &amp; Security" rel="noopener noreferrer" target="_blank">Privacy &amp; Security</a></li><li><a aria-label="CA Privacy Rights - opens in a new window" class="no-underline pointer f6 white mr4" href="https://corporate.walmart.com/privacy-security/california-privacy-rights" link-identifier="CA Privacy Rights" rel="noopener noreferrer" target="_blank">CA Privacy Rights</a></li><li><a aria-label="California Supply Chain Act - opens in a new window" class="no-underline pointer f6 white mr4" href="https://corporate.walmart.com/california-transparency" link-identifier="California Supply Chain Act" rel="noopener noreferrer" target="_blank">California Supply Chain Act</a></li><li><a aria-label="Do Not Sell My Personal Information - opens in a new window" class="no-underline pointer f6 white mr4" href="https://www.walmart.com/account/api/ccpa-intake?native=false&amp;app=gm&amp;type=sod" link-identifier="Do Not Sell My Personal Information" rel="noopener noreferrer" target="_blank">Do Not Sell My Personal Information</a></li><li><a aria-label="Request My Personal Information - opens in a new window" class="no-underline pointer f6 white" href="https://www.walmart.com/account/api/ccpa-intake?native=false&amp;app=gm&amp;type=access" link-identifier="Request My Personal Information" rel="noopener noreferrer" target="_blank">Request My Personal Information</a></li></ul><div class="pt2 f7 lh-title tc white">© 2022 Walmart. All Rights Reserved.</div></div></footer></span></div></div></div><div aria-live="assertive"></div></div><script id="__NEXT_DATA__" nonce="rO0fwibaC3yR24Ma" type="application/json">{"props":{"pageProps":{"initialData":{"headers":{},"moduleDataByZone":{"topZone5":{"name":"Chips Browse - Search Banner - 4.19.22","version":2,"type":"SearchBanner","moduleId":"7d0ba89f-c206-4adc-9ffa-abbd3b2fff96","schedule":{"priority":0},"matchedTrigger":{"zone":"topZone5"},"configs":{"__typename":"TempoWM_GLASSWWWSearchBannerConfigs","moduleType":"LINK","viewConfig":{"title":"Stock up with variety pack chips","image":"https://i5.walmartimages.com/dfw/4ff9c6c9-9cf9/k2-_550d2574-4e92-419e-ae35-87264cb49ee2.v1.png","imageAlt":"Stock up with variety pack chips","displayName":"Variety Pack Chips","description":"Individually packaged chips and snacks to take on the go!","url":"/browse/food/variety-pack-chips/976759_976787_1001390_9634100?povid=1096070_976787_SearchBanner_VarietyPack_ChipsBrowse","urlAlt":"Shop Now","appStoreLink":null,"appStoreLinkAlt":null,"playStoreLink":null,"playStoreLinkAlt":null}}},"pillsTopZone":{"name":"Browse Pills Module","version":5,"type":"PillsModule","moduleId":"1b40507d-81e6-4a56-a1ac-186a21cbd058","schedule":{"priority":1},"matchedTrigger":{"zone":"pillsTopZone"},"configs":{"__typename":"TempoWM_GLASSWWWPillsModuleConfigs","moduleSource":"chipModule","pillsV2":[{"title":"Takis","url":"/browse/food/takis/976759_976787_1001390_9805889_8841615","image":null},{"title":"Doritos","url":"https://www.walmart.com/browse/food/doritos/976759_976787_1001390_4274370","image":null},{"title":"Pringles","url":"/browse/food/pringles/976759_976787_1001390_4402657_3654690","image":null},{"title":"Funyuns","url":"/browse/food/funyuns/976759_976787_1001390_9805889_1837733","image":null},{"title":"Ruffles","url":"/browse/food/ruffles/976759_976787_1001390_4402657_9174797","image":null},{"title":"Fritos","url":"/browse/food/fritos/976759_976787_1001390_9805889_8357039","image":null},{"title":"Potato Chips","url":"/browse/food/potato-chips/976759_976787_1001390_4402657","image":null},{"title":"Tortilla Chips","url":"/browse/food/tortilla-chips/976759_976787_1001390_4501185","image":null},{"title":"Sun Chips","url":"/browse/food/sun-chips/976759_976787_1001390_4084278_6046723","image":null},{"title":"Kettle Chips","url":"/browse/food/kettle-chips/976759_976787_1001390_2523039","image":null},{"title":"Pita Chips","url":"/browse/food/pita-chips-bagel-chips/976759_976787_1001390_8083609","image":null},{"title":"Lay's Potato Chips","url":"/browse/food/lays-potato-chips/976759_976787_1001390_5517955","image":null},{"title":"Cape Cod Chips","url":"/browse/food/cape-cod-chips/976759_976787_1001390_2523039_2937197","image":null},{"title":"Zapp's Chips","url":"/browse/food/zapps-chips/976759_976787_1001390_2523039_5487688","image":null},{"title":"Popped Chips","url":"/browse/food/popped-chips/976759_976787_1001390_4402657_9739086","image":null},{"title":"Veggie Chips","url":"/browse/food/veggie-chips-grain-chips/976759_976787_1001390_4084278","image":null},{"title":"Corn Chips","url":"/browse/food/corn-chips/976759_976787_1001390_9805889","image":null},{"title":"Terra Chips","url":"/browse/food/terra-chips/976759_976787_1001390_4084278_2308053","image":null},{"title":"Rye Chips","url":"/browse/food/rye-chips/976759_976787_1001390_2636409","image":null},{"title":"Utz Potato Chips","url":"/browse/food/utz-potato-chips/976759_976787_1001390_4402657_2212947","image":null},{"title":"Variety Pack Chips","url":"/browse/food/variety-pack-chips/976759_976787_1001390_9634100","image":null}]}},"bottomZone3":{"name":"Copy Block","version":5,"type":"CopyBlock","moduleId":"2ca07422-a364-4155-9173-79e615c57141","schedule":{"priority":1},"matchedTrigger":{"zone":"bottomZone3"},"configs":{"__typename":"TempoWM_GLASSWWWCopyBlockConfigs","copyBlock":{"cwc":null}}},"bottomZone1":{"name":"Marquee Display Ad BTF BP DWeb","version":2,"type":"MarqueeDisplayAd","moduleId":"17741b72-82a8-4fee-8de2-fd4f27679ab6","schedule":{"priority":0},"matchedTrigger":{"zone":"bottomZone1"},"configs":{"__typename":"TempoWM_GLASSWWWMarqueeDisplayAdConfigs","_rawConfigs":{"moduleLocation":"marquee2","lazy":"1000"},"ad":null}},"topZone3":{"name":"New Sort \u0026 Filter on Search Page Module, Wednesday, July 14, 2021, 3:12:54:47 pm","version":1,"type":"SearchSortFilterModule","moduleId":"c4592076-abb9-4007-8ad9-891ec264278c","schedule":{"priority":1},"matchedTrigger":{"zone":"topZone3"},"configs":{"__typename":"_TempoWM_GLASSWWWSearchSortFilterModuleConfigs","facetsV1":[{"title":"Gifting","name":"Gifting","type":"Gifting","layout":"default","min":null,"max":null,"selectedMin":null,"selectedMax":null,"unboundedMax":null,"stepSize":null,"isSelected":null,"values":[{"id":null,"name":"Gift eligible","description":null,"type":null,"itemCount":121,"isSelected":null,"baseSeoURL":null}]},{"title":"Sort by","name":"Sort","type":"sort","layout":"default","min":null,"max":null,"selectedMin":null,"selectedMax":null,"unboundedMax":null,"stepSize":null,"isSelected":null,"values":[{"id":"best_seller","name":"Best Seller","description":null,"type":null,"itemCount":null,"isSelected":false,"baseSeoURL":null},{"id":"best_match","name":"Best Match","description":null,"type":null,"itemCount":null,"isSelected":true,"baseSeoURL":null},{"id":"price_low","name":"Price: low to high","description":null,"type":null,"itemCount":null,"isSelected":false,"baseSeoURL":null},{"id":"price_high","name":"Price: high to low","description":null,"type":null,"itemCount":null,"isSelected":false,"baseSeoURL":null}]},{"title":"In-store","name":"In-store","type":"fulfillment_method_in_store","layout":"pill","min":null,"max":null,"selectedMin":null,"selectedMax":null,"unboundedMax":null,"stepSize":null,"isSelected":null,"values":null},{"title":"Pickup \u0026 shipping","name":"Fulfillment Method","type":"fulfillment_method","layout":"pill","min":null,"max":null,"selectedMin":null,"selectedMax":null,"unboundedMax":null,"stepSize":null,"isSelected":null,"values":[{"id":null,"name":"Pickup","description":"We'll bring it to you curbside or come inside to pick it up.","type":null,"itemCount":0,"isSelected":null,"baseSeoURL":null},{"id":null,"name":"Delivery","description":"Get your order brought to you from a store. Free with W+.","type":null,"itemCount":0,"isSelected":null,"baseSeoURL":null},{"id":null,"name":"Shipping","description":"Get your order shipped fast via FedEx or UPS.","type":null,"itemCount":0,"isSelected":null,"baseSeoURL":null}]},{"title":"Price","name":"Price","type":"price","layout":"pill","min":0,"max":40,"selectedMin":null,"selectedMax":null,"unboundedMax":true,"stepSize":1,"isSelected":null,"values":null},{"title":"Brand","name":"Brand","type":"brand","layout":"pill","min":null,"max":null,"selectedMin":null,"selectedMax":null,"unboundedMax":null,"stepSize":null,"isSelected":null,"values":[{"id":null,"name":"Great Value","description":null,"type":null,"itemCount":93,"isSelected":null,"baseSeoURL":"/browse/food/chips/great-value/976759_976787_1001390/YnJhbmQ6R3JlYXQgVmFsdWUie"},{"id":null,"name":"Lay's","description":null,"type":null,"itemCount":219,"isSelected":null,"baseSeoURL":"/browse/food/chips/lay-s/976759_976787_1001390/YnJhbmQ6TGF5J3Mie"},{"id":null,"name":"Tostitos","description":null,"type":null,"itemCount":83,"isSelected":null,"baseSeoURL":"/browse/food/chips/tostitos/976759_976787_1001390/YnJhbmQ6VG9zdGl0b3Mie"},{"id":null,"name":"Cheetos","description":null,"type":null,"itemCount":131,"isSelected":null,"baseSeoURL":"/browse/food/chips/cheetos/976759_976787_1001390/YnJhbmQ6Q2hlZXRvcwieie"},{"id":null,"name":"Quaker","description":null,"type":null,"itemCount":51,"isSelected":null,"baseSeoURL":"/browse/food/chips/quaker/976759_976787_1001390/YnJhbmQ6UXVha2Vy"},{"id":null,"name":"Fritos","description":null,"type":null,"itemCount":42,"isSelected":null,"baseSeoURL":"/browse/food/chips/fritos/976759_976787_1001390/YnJhbmQ6RnJpdG9z"},{"id":null,"name":"Pringles","description":null,"type":null,"itemCount":226,"isSelected":null,"baseSeoURL":"/browse/food/chips/pringles/976759_976787_1001390/YnJhbmQ6UHJpbmdsZXMie"},{"id":null,"name":"Mac's","description":null,"type":null,"itemCount":27,"isSelected":null,"baseSeoURL":"/browse/food/chips/mac-s/976759_976787_1001390/YnJhbmQ6TWFjJ3Mie"},{"id":null,"name":"Doritos","description":null,"type":null,"itemCount":102,"isSelected":null,"baseSeoURL":"/browse/food/chips/doritos/976759_976787_1001390/YnJhbmQ6RG9yaXRvcwieie"},{"id":null,"name":"Frito-Lay","description":null,"type":null,"itemCount":193,"isSelected":null,"baseSeoURL":"/browse/food/chips/frito-lay/976759_976787_1001390/YnJhbmQ6RnJpdG8tTGF5"},{"id":null,"name":"Ruffles","description":null,"type":null,"itemCount":59,"isSelected":null,"baseSeoURL":"/browse/food/chips/ruffles/976759_976787_1001390/YnJhbmQ6UnVmZmxlcwieie"},{"id":null,"name":"Smartfood","description":null,"type":null,"itemCount":32,"isSelected":null,"baseSeoURL":"/browse/food/chips/smartfood/976759_976787_1001390/YnJhbmQ6U21hcnRmb29k"},{"id":null,"name":"Takis","description":null,"type":null,"itemCount":75,"isSelected":null,"baseSeoURL":"/browse/food/chips/takis/976759_976787_1001390/YnJhbmQ6VGFraXMie"},{"id":null,"name":"Kernel Season's","description":null,"type":null,"itemCount":12,"isSelected":null,"baseSeoURL":"/browse/food/chips/kernel-season-s/976759_976787_1001390/YnJhbmQ6S2VybmVsIFNlYXNvbiidz"},{"id":null,"name":"Utz","description":null,"type":null,"itemCount":155,"isSelected":null,"baseSeoURL":"/browse/food/chips/utz/976759_976787_1001390/YnJhbmQ6VXR6"},{"id":null,"name":"SkinnyPop","description":null,"type":null,"itemCount":93,"isSelected":null,"baseSeoURL":"/browse/food/chips/skinnypop/976759_976787_1001390/YnJhbmQ6U2tpbm55UG9w"},{"id":null,"name":"PopCorners","description":null,"type":null,"itemCount":53,"isSelected":null,"baseSeoURL":"/browse/food/chips/popcorners/976759_976787_1001390/YnJhbmQ6UG9wQ29ybmVycwieie"},{"id":null,"name":"Orville Redenbacher's","description":null,"type":null,"itemCount":95,"isSelected":null,"baseSeoURL":"/browse/food/chips/orville-redenbacher-s/976759_976787_1001390/YnJhbmQ6T3J2aWxsZSBSZWRlbmJhY2hlciidz"},{"id":null,"name":"SunChips","description":null,"type":null,"itemCount":26,"isSelected":null,"baseSeoURL":"/browse/food/chips/sunchips/976759_976787_1001390/YnJhbmQ6U3VuQ2hpcHMie"},{"id":null,"name":"Quest Nutrition","description":null,"type":null,"itemCount":26,"isSelected":null,"baseSeoURL":"/browse/food/chips/quest-nutrition/976759_976787_1001390/YnJhbmQ6UXVlc3QgTnV0cml0aW9u"},{"id":null,"name":"simply...","description":null,"type":null,"itemCount":17,"isSelected":null,"baseSeoURL":"/browse/food/chips/simply-/976759_976787_1001390/YnJhbmQ6c2ltcGx5Lii4u"},{"id":null,"name":"Lay's Stax","description":null,"type":null,"itemCount":11,"isSelected":null,"baseSeoURL":"/browse/food/chips/lay-s-stax/976759_976787_1001390/YnJhbmQ6TGF5J3MgU3RheAieie"},{"id":null,"name":"Funyuns","description":null,"type":null,"itemCount":24,"isSelected":null,"baseSeoURL":"/browse/food/chips/funyuns/976759_976787_1001390/YnJhbmQ6RnVueXVucwieie"},{"id":null,"name":"Sensible Portions","description":null,"type":null,"itemCount":233,"isSelected":null,"baseSeoURL":"/browse/food/chips/sensible-portions/976759_976787_1001390/YnJhbmQ6U2Vuc2liibGUgUG9ydGlvbnMie"},{"id":null,"name":"Angie's","description":null,"type":null,"itemCount":28,"isSelected":null,"baseSeoURL":"/browse/food/chips/angie-s/976759_976787_1001390/YnJhbmQ6QW5naWUncwieie"},{"id":null,"name":"ROLD GOLD","description":null,"type":null,"itemCount":3,"isSelected":null,"baseSeoURL":null},{"id":null,"name":"Bugles","description":null,"type":null,"itemCount":30,"isSelected":null,"baseSeoURL":"/browse/food/chips/bugles/976759_976787_1001390/YnJhbmQ6QnVnbGVz"},{"id":null,"name":"Ocean's Halo","description":null,"type":null,"itemCount":7,"isSelected":null,"baseSeoURL":"/browse/food/chips/ocean-s-halo/976759_976787_1001390/YnJhbmQ6T2NlYW4ncyBIYWxv"},{"id":null,"name":"Act II","description":null,"type":null,"itemCount":40,"isSelected":null,"baseSeoURL":"/browse/food/chips/act-ii/976759_976787_1001390/YnJhbmQ6QWN0IElJ"},{"id":null,"name":"Kettle Brand","description":null,"type":null,"itemCount":194,"isSelected":null,"baseSeoURL":"/browse/food/chips/kettle-brand/976759_976787_1001390/YnJhbmQ6S2V0dGxlIEJyYW5k"},{"id":null,"name":"Old Dutch","description":null,"type":null,"itemCount":10,"isSelected":null,"baseSeoURL":"/browse/food/chips/old-dutch/976759_976787_1001390/YnJhbmQ6T2xkIER1dGNo"},{"id":null,"name":"Gardetto's","description":null,"type":null,"itemCount":32,"isSelected":null,"baseSeoURL":"/browse/food/chips/gardetto-s/976759_976787_1001390/YnJhbmQ6R2FyZGV0dG8ncwieie"},{"id":null,"name":"Middleswarth","description":null,"type":null,"itemCount":34,"isSelected":null,"baseSeoURL":"/browse/food/chips/middleswarth/976759_976787_1001390/YnJhbmQ6TWlkZGxlc3dhcnRo"},{"id":null,"name":"Juanita's Foods","description":null,"type":null,"itemCount":2,"isSelected":null,"baseSeoURL":null},{"id":null,"name":"Santitas","description":null,"type":null,"itemCount":6,"isSelected":null,"baseSeoURL":"/browse/food/chips/santitas/976759_976787_1001390/YnJhbmQ6U2FudGl0YXMie"},{"id":null,"name":"On The Border","description":null,"type":null,"itemCount":15,"isSelected":null,"baseSeoURL":"/browse/food/chips/on-the-border/976759_976787_1001390/YnJhbmQ6T24gVGhlIEJvcmRlcgieie"},{"id":null,"name":"Pirate's Booty","description":null,"type":null,"itemCount":26,"isSelected":null,"baseSeoURL":"/browse/food/chips/pirate-s-booty/976759_976787_1001390/YnJhbmQ6UGlyYXRlJ3MgQm9vdHkie"},{"id":null,"name":"Chex Mix","description":null,"type":null,"itemCount":2,"isSelected":null,"baseSeoURL":null},{"id":null,"name":"Chester's","description":null,"type":null,"itemCount":14,"isSelected":null,"baseSeoURL":"/browse/food/chips/chester-s/976759_976787_1001390/YnJhbmQ6Q2hlc3Rlciidz"},{"id":null,"name":"Harvest Snaps","description":null,"type":null,"itemCount":7,"isSelected":null,"baseSeoURL":"/browse/food/chips/harvest-snaps/976759_976787_1001390/YnJhbmQ6SGFydmVzdCBTbmFwcwieie"},{"id":null,"name":"Better Made Special","description":null,"type":null,"itemCount":26,"isSelected":null,"baseSeoURL":"/browse/food/chips/better-made-special/976759_976787_1001390/YnJhbmQ6QmV0dGVyIE1hZGUgU3BlY2lhbAieie"},{"id":null,"name":"MUNCHOS","description":null,"type":null,"itemCount":1,"isSelected":null,"baseSeoURL":null},{"id":null,"name":"O-Ke-Doke","description":null,"type":null,"itemCount":2,"isSelected":null,"baseSeoURL":null},{"id":null,"name":"Munchies","description":null,"type":null,"itemCount":2,"isSelected":null,"baseSeoURL":null},{"id":null,"name":"Sabritas","description":null,"type":null,"itemCount":7,"isSelected":null,"baseSeoURL":"/browse/food/chips/sabritas/976759_976787_1001390/YnJhbmQ6U2Fiicml0YXMie"},{"id":null,"name":"Crunchy Rollers","description":null,"type":null,"itemCount":3,"isSelected":null,"baseSeoURL":null},{"id":null,"name":"Town House","description":null,"type":null,"itemCount":1,"isSelected":null,"baseSeoURL":null},{"id":null,"name":"Beanitos","description":null,"type":null,"itemCount":38,"isSelected":null,"baseSeoURL":"/browse/food/chips/beanitos/976759_976787_1001390/YnJhbmQ6QmVhbml0b3Mie"},{"id":null,"name":"Ritz","description":null,"type":null,"itemCount":42,"isSelected":null,"baseSeoURL":"/browse/food/chips/ritz/976759_976787_1001390/YnJhbmQ6Uml0egieie"},{"id":null,"name":"Paskesz","description":null,"type":null,"itemCount":1,"isSelected":null,"baseSeoURL":null},{"id":null,"name":"Terra","description":null,"type":null,"itemCount":125,"isSelected":null,"baseSeoURL":"/browse/food/chips/terra/976759_976787_1001390/YnJhbmQ6VGVycmEie"},{"id":null,"name":"Stacy's","description":null,"type":null,"itemCount":46,"isSelected":null,"baseSeoURL":"/browse/food/chips/stacy-s/976759_976787_1001390/YnJhbmQ6U3RhY3kncwieie"},{"id":null,"name":"Cape Cod","description":null,"type":null,"itemCount":40,"isSelected":null,"baseSeoURL":"/browse/food/chips/cape-cod/976759_976787_1001390/YnJhbmQ6Q2FwZSBDb2Qie"},{"id":null,"name":"SABRITONES","description":null,"type":null,"itemCount":2,"isSelected":null,"baseSeoURL":null},{"id":null,"name":"Calidad","description":null,"type":null,"itemCount":4,"isSelected":null,"baseSeoURL":"/browse/food/chips/calidad/976759_976787_1001390/YnJhbmQ6Q2FsaWRhZAieie"},{"id":null,"name":"Lunchables","description":null,"type":null,"itemCount":1,"isSelected":null,"baseSeoURL":null},{"id":null,"name":"Pop Secret","description":null,"type":null,"itemCount":54,"isSelected":null,"baseSeoURL":"/browse/food/chips/pop-secret/976759_976787_1001390/YnJhbmQ6UG9wIFNlY3JldAieie"},{"id":null,"name":"Baken-Ets","description":null,"type":null,"itemCount":9,"isSelected":null,"baseSeoURL":"/browse/food/chips/baken-ets/976759_976787_1001390/YnJhbmQ6QmFrZW4tRXRz"},{"id":null,"name":"Off The Eaten Path","description":null,"type":null,"itemCount":16,"isSelected":null,"baseSeoURL":"/browse/food/chips/off-the-eaten-path/976759_976787_1001390/YnJhbmQ6T2ZmIFRoZSBFYXRlbiiBQYXRo"},{"id":null,"name":"Hillshire Farm","description":null,"type":null,"itemCount":1,"isSelected":null,"baseSeoURL":null},{"id":null,"name":"Hormel","description":null,"type":null,"itemCount":1,"isSelected":null,"baseSeoURL":null},{"id":null,"name":"Whisps","description":null,"type":null,"itemCount":71,"isSelected":null,"baseSeoURL":"/browse/food/chips/whisps/976759_976787_1001390/YnJhbmQ6V2hpc3Bz"},{"id":null,"name":"Snyder of Berlin","description":null,"type":null,"itemCount":9,"isSelected":null,"baseSeoURL":"/browse/food/chips/snyder-of-berlin/976759_976787_1001390/YnJhbmQ6U255ZGVyIG9mIEJlcmxpbgieie"},{"id":null,"name":"Lundberg Family Farms","description":null,"type":null,"itemCount":238,"isSelected":null,"baseSeoURL":"/browse/food/chips/lundberg-family-farms/976759_976787_1001390/YnJhbmQ6THVuZGJlcmcgRmFtaWx5IEZhcm1z"},{"id":null,"name":"Herr's","description":null,"type":null,"itemCount":120,"isSelected":null,"baseSeoURL":"/browse/food/chips/herr-s/976759_976787_1001390/YnJhbmQ6SGVyciidz"},{"id":null,"name":"Boulder Canyon","description":null,"type":null,"itemCount":103,"isSelected":null,"baseSeoURL":"/browse/food/chips/boulder-canyon/976759_976787_1001390/YnJhbmQ6Qm91bGRlciiBDYW55b24ie"},{"id":null,"name":"JOLLY TIME","description":null,"type":null,"itemCount":99,"isSelected":null,"baseSeoURL":"/browse/food/chips/jolly-time/976759_976787_1001390/YnJhbmQ6Sk9MTFkgVElNRQieie"},{"id":null,"name":"Rhythm Superfoods","description":null,"type":null,"itemCount":97,"isSelected":null,"baseSeoURL":"/browse/food/chips/rhythm-superfoods/976759_976787_1001390/YnJhbmQ6Umh5dGhtIFN1cGVyZm9vZHMie"},{"id":null,"name":"SIMPLY7","description":null,"type":null,"itemCount":90,"isSelected":null,"baseSeoURL":"/browse/food/chips/simply7/976759_976787_1001390/YnJhbmQ6U0lNUExZNwieie"},{"id":null,"name":"Martin's","description":null,"type":null,"itemCount":76,"isSelected":null,"baseSeoURL":"/browse/food/chips/martin-s/976759_976787_1001390/YnJhbmQ6TWFydGluJ3Mie"},{"id":null,"name":"Siete Family Foods","description":null,"type":null,"itemCount":74,"isSelected":null,"baseSeoURL":"/browse/food/chips/siete-family-foods/976759_976787_1001390/YnJhbmQ6U2lldGUgRmFtaWx5IEZvb2Rz"},{"id":null,"name":"NineChef","description":null,"type":null,"itemCount":72,"isSelected":null,"baseSeoURL":"/browse/food/chips/ninechef/976759_976787_1001390/YnJhbmQ6TmluZUNoZWYie"},{"id":null,"name":"popchips","description":null,"type":null,"itemCount":70,"isSelected":null,"baseSeoURL":"/browse/food/chips/popchips/976759_976787_1001390/YnJhbmQ6cG9wY2hpcHMie"},{"id":null,"name":"Good Health","description":null,"type":null,"itemCount":62,"isSelected":null,"baseSeoURL":"/browse/food/chips/good-health/976759_976787_1001390/YnJhbmQ6R29vZCBIZWFsdGgie"},{"id":null,"name":"LesserEvil","description":null,"type":null,"itemCount":56,"isSelected":null,"baseSeoURL":"/browse/food/chips/lesserevil/976759_976787_1001390/YnJhbmQ6TGVzc2VyRXZpbAieie"},{"id":null,"name":"Barnana","description":null,"type":null,"itemCount":53,"isSelected":null,"baseSeoURL":"/browse/food/chips/barnana/976759_976787_1001390/YnJhbmQ6QmFybmFuYQieie"},{"id":null,"name":"Biena","description":null,"type":null,"itemCount":53,"isSelected":null,"baseSeoURL":"/browse/food/chips/biena/976759_976787_1001390/YnJhbmQ6QmllbmEie"},{"id":null,"name":"Zapp's","description":null,"type":null,"itemCount":49,"isSelected":null,"baseSeoURL":"/browse/food/chips/zapp-s/976759_976787_1001390/YnJhbmQ6WmFwcCdz"},{"id":null,"name":"The Daily Crave","description":null,"type":null,"itemCount":48,"isSelected":null,"baseSeoURL":"/browse/food/chips/the-daily-crave/976759_976787_1001390/YnJhbmQ6VGhlIERhaWx5IENyYXZl"},{"id":null,"name":"Generic","description":null,"type":null,"itemCount":47,"isSelected":null,"baseSeoURL":"/browse/food/chips/generic/976759_976787_1001390/YnJhbmQ6R2VuZXJpYwieie"},{"id":null,"name":"HIPPEAS","description":null,"type":null,"itemCount":47,"isSelected":null,"baseSeoURL":"/browse/food/chips/hippeas/976759_976787_1001390/YnJhbmQ6SElQUEVBUwieie"},{"id":null,"name":"Wise","description":null,"type":null,"itemCount":47,"isSelected":null,"baseSeoURL":"/browse/food/chips/wise/976759_976787_1001390/YnJhbmQ6V2lzZQieie"},{"id":null,"name":"Larissa Veronica","description":null,"type":null,"itemCount":46,"isSelected":null,"baseSeoURL":"/browse/food/chips/larissa-veronica/976759_976787_1001390/YnJhbmQ6TGFyaXNzYSBWZXJvbmljYQieie"},{"id":null,"name":"Rhythm","description":null,"type":null,"itemCount":46,"isSelected":null,"baseSeoURL":"/browse/food/chips/rhythm/976759_976787_1001390/YnJhbmQ6Umh5dGht"},{"id":null,"name":"Calbee","description":null,"type":null,"itemCount":45,"isSelected":null,"baseSeoURL":"/browse/food/chips/calbee/976759_976787_1001390/YnJhbmQ6Q2FsYmVl"},{"id":null,"name":"Garden of Eatin'","description":null,"type":null,"itemCount":44,"isSelected":null,"baseSeoURL":"/browse/food/chips/garden-of-eatin-/976759_976787_1001390/YnJhbmQ6R2FyZGVuIG9mIEVhdGluJwieie"},{"id":null,"name":"The Good Crisp Company","description":null,"type":null,"itemCount":44,"isSelected":null,"baseSeoURL":"/browse/food/chips/the-good-crisp-company/976759_976787_1001390/YnJhbmQ6VGhlIEdvb2QgQ3Jpc3AgQ29tcGFueQieie"},{"id":null,"name":"Deep River Snacks","description":null,"type":null,"itemCount":42,"isSelected":null,"baseSeoURL":"/browse/food/chips/deep-river-snacks/976759_976787_1001390/YnJhbmQ6RGVlcCBSaXZlciiBTbmFja3Mie"},{"id":null,"name":"TorTrix","description":null,"type":null,"itemCount":40,"isSelected":null,"baseSeoURL":"/browse/food/chips/tortrix/976759_976787_1001390/YnJhbmQ6VG9yVHJpeAieie"},{"id":null,"name":"Trader Joe's","description":null,"type":null,"itemCount":40,"isSelected":null,"baseSeoURL":"/browse/food/chips/trader-joe-s/976759_976787_1001390/YnJhbmQ6VHJhZGVyIEpvZSdz"},{"id":null,"name":"GOYA","description":null,"type":null,"itemCount":37,"isSelected":null,"baseSeoURL":"/browse/food/chips/goya/976759_976787_1001390/YnJhbmQ6R09ZQQieie"},{"id":null,"name":"Assortit","description":null,"type":null,"itemCount":36,"isSelected":null,"baseSeoURL":"/browse/food/chips/assortit/976759_976787_1001390/YnJhbmQ6QXNzb3J0aXQie"},{"id":null,"name":"Bare Snacks","description":null,"type":null,"itemCount":35,"isSelected":null,"baseSeoURL":"/browse/food/chips/bare-snacks/976759_976787_1001390/YnJhbmQ6QmFyZSBTbmFja3Mie"},{"id":null,"name":"TGI Fridays","description":null,"type":null,"itemCount":34,"isSelected":null,"baseSeoURL":"/browse/food/chips/tgi-fridays/976759_976787_1001390/YnJhbmQ6VEdJIEZyaWRheXMie"},{"id":null,"name":"Tribeca Curations","description":null,"type":null,"itemCount":34,"isSelected":null,"baseSeoURL":"/browse/food/chips/tribeca-curations/976759_976787_1001390/YnJhbmQ6VHJpYmVjYSBDdXJhdGlvbnMie"},{"id":null,"name":"Plant Snacks","description":null,"type":null,"itemCount":33,"isSelected":null,"baseSeoURL":"/browse/food/chips/plant-snacks/976759_976787_1001390/YnJhbmQ6UGxhbnQgU25hY2tz"},{"id":null,"name":"McCain","description":null,"type":null,"itemCount":32,"isSelected":null,"baseSeoURL":"/browse/food/chips/mccain/976759_976787_1001390/YnJhbmQ6TWNDYWlu"},{"id":null,"name":"Popcorn, Indiana","description":null,"type":null,"itemCount":32,"isSelected":null,"baseSeoURL":"/browse/food/chips/popcorn-indiana/976759_976787_1001390/YnJhbmQ6UG9wY29ybiiwgSW5kaWFuYQieie"},{"id":null,"name":"Pork King Good","description":null,"type":null,"itemCount":32,"isSelected":null,"baseSeoURL":"/browse/food/chips/pork-king-good/976759_976787_1001390/YnJhbmQ6UG9yayBLaW5nIEdvb2Qie"},{"id":null,"name":"Sea Snax","description":null,"type":null,"itemCount":32,"isSelected":null,"baseSeoURL":"/browse/food/chips/sea-snax/976759_976787_1001390/YnJhbmQ6U2VhIFNuYXgie"},{"id":null,"name":"Taali","description":null,"type":null,"itemCount":31,"isSelected":null,"baseSeoURL":"/browse/food/chips/taali/976759_976787_1001390/YnJhbmQ6VGFhbGkie"},{"id":null,"name":"Kellogg's","description":null,"type":null,"itemCount":30,"isSelected":null,"baseSeoURL":"/browse/food/chips/kellogg-s/976759_976787_1001390/YnJhbmQ6S2VsbG9nZydz"},{"id":null,"name":"Xochitl","description":null,"type":null,"itemCount":30,"isSelected":null,"baseSeoURL":"/browse/food/chips/xochitl/976759_976787_1001390/YnJhbmQ6WG9jaGl0bAieie"},{"id":null,"name":"Great Northern Popcorn","description":null,"type":null,"itemCount":29,"isSelected":null,"baseSeoURL":"/browse/food/chips/great-northern-popcorn/976759_976787_1001390/YnJhbmQ6R3JlYXQgTm9ydGhlcm4gUG9wY29ybgieie"},{"id":null,"name":"Barbara's","description":null,"type":null,"itemCount":27,"isSelected":null,"baseSeoURL":"/browse/food/chips/barbara-s/976759_976787_1001390/YnJhbmQ6QmFyYmFyYSdz"},{"id":null,"name":"Beanfields","description":null,"type":null,"itemCount":27,"isSelected":null,"baseSeoURL":"/browse/food/chips/beanfields/976759_976787_1001390/YnJhbmQ6QmVhbmZpZWxkcwieie"},{"id":null,"name":"Vegan Rob's","description":null,"type":null,"itemCount":27,"isSelected":null,"baseSeoURL":"/browse/food/chips/vegan-rob-s/976759_976787_1001390/YnJhbmQ6VmVnYW4gUm9iiJ3Mie"},{"id":null,"name":"Oasis Snacks","description":null,"type":null,"itemCount":26,"isSelected":null,"baseSeoURL":"/browse/food/chips/oasis-snacks/976759_976787_1001390/YnJhbmQ6T2FzaXMgU25hY2tz"},{"id":null,"name":"Prodiana","description":null,"type":null,"itemCount":26,"isSelected":null,"baseSeoURL":"/browse/food/chips/prodiana/976759_976787_1001390/YnJhbmQ6UHJvZGlhbmEie"},{"id":null,"name":"coming soon","description":null,"type":null,"itemCount":25,"isSelected":null,"baseSeoURL":"/browse/food/chips/coming-soon/976759_976787_1001390/YnJhbmQ6Y29taW5nIHNvb24ie"},{"id":null,"name":"Hilo","description":null,"type":null,"itemCount":24,"isSelected":null,"baseSeoURL":"/browse/food/chips/hilo/976759_976787_1001390/YnJhbmQ6SGlsbwieie"},{"id":null,"name":"Cheez-It","description":null,"type":null,"itemCount":23,"isSelected":null,"baseSeoURL":"/browse/food/chips/cheez-it/976759_976787_1001390/YnJhbmQ6Q2hlZXotSXQie"},{"id":null,"name":"HR Haldiram's","description":null,"type":null,"itemCount":23,"isSelected":null,"baseSeoURL":"/browse/food/chips/hr-haldiram-s/976759_976787_1001390/YnJhbmQ6SFIgSGFsZGlyYW0ncwieie"},{"id":null,"name":"Popcornopolis","description":null,"type":null,"itemCount":23,"isSelected":null,"baseSeoURL":"/browse/food/chips/popcornopolis/976759_976787_1001390/YnJhbmQ6UG9wY29ybm9wb2xpcwieie"},{"id":null,"name":"Golden Flake","description":null,"type":null,"itemCount":22,"isSelected":null,"baseSeoURL":"/browse/food/chips/golden-flake/976759_976787_1001390/YnJhbmQ6R29sZGVuIEZsYWtl"},{"id":null,"name":"Twin Peaks Ingredients","description":null,"type":null,"itemCount":22,"isSelected":null,"baseSeoURL":"/browse/food/chips/twin-peaks-ingredients/976759_976787_1001390/YnJhbmQ6VHdpbiiBQZWFrcyBJbmdyZWRpZW50cwieie"},{"id":null,"name":"Hal's New York","description":null,"type":null,"itemCount":21,"isSelected":null,"baseSeoURL":"/browse/food/chips/hal-s-new-york/976759_976787_1001390/YnJhbmQ6SGFsJ3MgTmV3IFlvcmsie"},{"id":null,"name":"Just Popped","description":null,"type":null,"itemCount":21,"isSelected":null,"baseSeoURL":"/browse/food/chips/just-popped/976759_976787_1001390/YnJhbmQ6SnVzdCBQb3BwZWQie"},{"id":null,"name":"Kibo Foods","description":null,"type":null,"itemCount":21,"isSelected":null,"baseSeoURL":"/browse/food/chips/kibo-foods/976759_976787_1001390/YnJhbmQ6S2liibyBGb29kcwieie"},{"id":null,"name":"Lieber's","description":null,"type":null,"itemCount":21,"isSelected":null,"baseSeoURL":"/browse/food/chips/lieber-s/976759_976787_1001390/YnJhbmQ6TGllYmVyJ3Mie"},{"id":null,"name":"Miss Vickie's","description":null,"type":null,"itemCount":21,"isSelected":null,"baseSeoURL":"/browse/food/chips/miss-vickie-s/976759_976787_1001390/YnJhbmQ6TWlzcyBWaWNraWUncwieie"},{"id":null,"name":"Pipcorn","description":null,"type":null,"itemCount":21,"isSelected":null,"baseSeoURL":"/browse/food/chips/pipcorn/976759_976787_1001390/YnJhbmQ6UGlwY29ybgieie"},{"id":null,"name":"Angie's BOOMCHICKAPOP","description":null,"type":null,"itemCount":20,"isSelected":null,"baseSeoURL":"/browse/food/chips/angie-s-boomchickapop/976759_976787_1001390/YnJhbmQ6QW5naWUncyBCT09NQ0hJQ0tBUE9Q"},{"id":null,"name":"California Gold Nutrition","description":null,"type":null,"itemCount":20,"isSelected":null,"baseSeoURL":"/browse/food/chips/california-gold-nutrition/976759_976787_1001390/YnJhbmQ6Q2FsaWZvcm5pYSBHb2xkIE51dHJpdGlvbgieie"},{"id":null,"name":"Dirty","description":null,"type":null,"itemCount":20,"isSelected":null,"baseSeoURL":"/browse/food/chips/dirty/976759_976787_1001390/YnJhbmQ6RGlydHkie"},{"id":null,"name":"EPIC","description":null,"type":null,"itemCount":20,"isSelected":null,"baseSeoURL":"/browse/food/chips/epic/976759_976787_1001390/YnJhbmQ6RVBJQwieie"},{"id":null,"name":"Generated","description":null,"type":null,"itemCount":20,"isSelected":null,"baseSeoURL":"/browse/food/chips/generated/976759_976787_1001390/YnJhbmQ6R2VuZXJhdGVk"},{"id":null,"name":"Jody's Gourmet Popcorn","description":null,"type":null,"itemCount":20,"isSelected":null,"baseSeoURL":"/browse/food/chips/jody-s-gourmet-popcorn/976759_976787_1001390/YnJhbmQ6Sm9keSdzIEdvdXJtZXQgUG9wY29ybgieie"},{"id":null,"name":"Pirate Brands","description":null,"type":null,"itemCount":20,"isSelected":null,"baseSeoURL":"/browse/food/chips/pirate-brands/976759_976787_1001390/YnJhbmQ6UGlyYXRlIEJyYW5kcwieie"},{"id":null,"name":"Terra Chips","description":null,"type":null,"itemCount":20,"isSelected":null,"baseSeoURL":"/browse/food/chips/terra-chips/976759_976787_1001390/YnJhbmQ6VGVycmEgQ2hpcHMie"},{"id":null,"name":"Food to Live","description":null,"type":null,"itemCount":18,"isSelected":null,"baseSeoURL":"/browse/food/chips/food-to-live/976759_976787_1001390/YnJhbmQ6Rm9vZCB0byBMaXZl"},{"id":null,"name":"Moon Cheese","description":null,"type":null,"itemCount":18,"isSelected":null,"baseSeoURL":"/browse/food/chips/moon-cheese/976759_976787_1001390/YnJhbmQ6TW9vbiiBDaGVlc2Uie"},{"id":null,"name":"4505 MEATS","description":null,"type":null,"itemCount":17,"isSelected":null,"baseSeoURL":"/browse/food/chips/4505-meats/976759_976787_1001390/YnJhbmQ6NDUwNSBNRUFUUwieie"},{"id":null,"name":"Late July","description":null,"type":null,"itemCount":17,"isSelected":null,"baseSeoURL":"/browse/food/chips/late-july/976759_976787_1001390/YnJhbmQ6TGF0ZSBKdWx5"},{"id":null,"name":"Saffron Road","description":null,"type":null,"itemCount":17,"isSelected":null,"baseSeoURL":"/browse/food/chips/saffron-road/976759_976787_1001390/YnJhbmQ6U2FmZnJvbiiBSb2Fk"},{"id":null,"name":"Thatcher's","description":null,"type":null,"itemCount":17,"isSelected":null,"baseSeoURL":"/browse/food/chips/thatcher-s/976759_976787_1001390/YnJhbmQ6VGhhdGNoZXIncwieie"},{"id":null,"name":"Way Better Snacks","description":null,"type":null,"itemCount":17,"isSelected":null,"baseSeoURL":"/browse/food/chips/way-better-snacks/976759_976787_1001390/YnJhbmQ6V2F5IEJldHRlciiBTbmFja3Mie"},{"id":null,"name":"Enjoy Life","description":null,"type":null,"itemCount":16,"isSelected":null,"baseSeoURL":"/browse/food/chips/enjoy-life/976759_976787_1001390/YnJhbmQ6RW5qb3kgTGlmZQieie"},{"id":null,"name":"G.H. Cretors","description":null,"type":null,"itemCount":16,"isSelected":null,"baseSeoURL":"/browse/food/chips/g-h-cretors/976759_976787_1001390/YnJhbmQ6Ry5ILiiBDcmV0b3Jz"},{"id":null,"name":"It's Delish","description":null,"type":null,"itemCount":16,"isSelected":null,"baseSeoURL":"/browse/food/chips/it-s-delish/976759_976787_1001390/YnJhbmQ6SXQncyBEZWxpc2gie"},{"id":null,"name":"PigOut Roasters","description":null,"type":null,"itemCount":16,"isSelected":null,"baseSeoURL":"/browse/food/chips/pigout-roasters/976759_976787_1001390/YnJhbmQ6UGlnT3V0IFJvYXN0ZXJz"},{"id":null,"name":"Planters","description":null,"type":null,"itemCount":16,"isSelected":null,"baseSeoURL":"/browse/food/chips/planters/976759_976787_1001390/YnJhbmQ6UGxhbnRlcnMie"},{"id":null,"name":"Barcel","description":null,"type":null,"itemCount":15,"isSelected":null,"baseSeoURL":"/browse/food/chips/barcel/976759_976787_1001390/YnJhbmQ6QmFyY2Vs"},{"id":null,"name":"Chifles","description":null,"type":null,"itemCount":15,"isSelected":null,"baseSeoURL":"/browse/food/chips/chifles/976759_976787_1001390/YnJhbmQ6Q2hpZmxlcwieie"},{"id":null,"name":"Crunchsters","description":null,"type":null,"itemCount":15,"isSelected":null,"baseSeoURL":"/browse/food/chips/crunchsters/976759_976787_1001390/YnJhbmQ6Q3J1bmNoc3RlcnMie"},{"id":null,"name":"Iberia","description":null,"type":null,"itemCount":15,"isSelected":null,"baseSeoURL":"/browse/food/chips/iberia/976759_976787_1001390/YnJhbmQ6SWJlcmlh"},{"id":null,"name":"New York Style","description":null,"type":null,"itemCount":15,"isSelected":null,"baseSeoURL":"/browse/food/chips/new-york-style/976759_976787_1001390/YnJhbmQ6TmV3IFlvcmsgU3R5bGUie"},{"id":null,"name":"Paqui","description":null,"type":null,"itemCount":15,"isSelected":null,"baseSeoURL":"/browse/food/chips/paqui/976759_976787_1001390/YnJhbmQ6UGFxdWkie"},{"id":null,"name":"Amish Country Popcorn","description":null,"type":null,"itemCount":14,"isSelected":null,"baseSeoURL":"/browse/food/chips/amish-country-popcorn/976759_976787_1001390/YnJhbmQ6QW1pc2ggQ291bnRyeSBQb3Bjb3Ju"},{"id":null,"name":"From The Ground Up","description":null,"type":null,"itemCount":14,"isSelected":null,"baseSeoURL":"/browse/food/chips/from-the-ground-up/976759_976787_1001390/YnJhbmQ6RnJvbSBUaGUgR3JvdW5kIFVw"},{"id":null,"name":"Grippo's","description":null,"type":null,"itemCount":14,"isSelected":null,"baseSeoURL":"/browse/food/chips/grippo-s/976759_976787_1001390/YnJhbmQ6R3JpcHBvJ3Mie"},{"id":null,"name":"Love Corn","description":null,"type":null,"itemCount":14,"isSelected":null,"baseSeoURL":"/browse/food/chips/love-corn/976759_976787_1001390/YnJhbmQ6TG92ZSBDb3Ju"},{"id":null,"name":"Quinn","description":null,"type":null,"itemCount":14,"isSelected":null,"baseSeoURL":"/browse/food/chips/quinn/976759_976787_1001390/YnJhbmQ6UXVpbm4ie"},{"id":null,"name":"Simplot","description":null,"type":null,"itemCount":14,"isSelected":null,"baseSeoURL":"/browse/food/chips/simplot/976759_976787_1001390/YnJhbmQ6U2ltcGxvdAieie"},{"id":null,"name":"Amma's Kitchen","description":null,"type":null,"itemCount":13,"isSelected":null,"baseSeoURL":"/browse/food/chips/amma-s-kitchen/976759_976787_1001390/YnJhbmQ6QW1tYSdzIEtpdGNoZW4ie"},{"id":null,"name":"Artisan Tropic","description":null,"type":null,"itemCount":13,"isSelected":null,"baseSeoURL":"/browse/food/chips/artisan-tropic/976759_976787_1001390/YnJhbmQ6QXJ0aXNhbiiBUcm9waWMie"},{"id":null,"name":"Corn Nuts","description":null,"type":null,"itemCount":13,"isSelected":null,"baseSeoURL":"/browse/food/chips/corn-nuts/976759_976787_1001390/YnJhbmQ6Q29ybiiBOdXRz"},{"id":null,"name":"Golden Flavor","description":null,"type":null,"itemCount":13,"isSelected":null,"baseSeoURL":"/browse/food/chips/golden-flavor/976759_976787_1001390/YnJhbmQ6R29sZGVuIEZsYXZvcgieie"},{"id":null,"name":"Osem","description":null,"type":null,"itemCount":13,"isSelected":null,"baseSeoURL":"/browse/food/chips/osem/976759_976787_1001390/YnJhbmQ6T3NlbQieie"},{"id":null,"name":"ParmCrisps","description":null,"type":null,"itemCount":13,"isSelected":null,"baseSeoURL":"/browse/food/chips/parmcrisps/976759_976787_1001390/YnJhbmQ6UGFybUNyaXNwcwieie"},{"id":null,"name":"Sunshine Crackers","description":null,"type":null,"itemCount":13,"isSelected":null,"baseSeoURL":"/browse/food/chips/sunshine-crackers/976759_976787_1001390/YnJhbmQ6U3Vuc2hpbmUgQ3JhY2tlcnMie"},{"id":null,"name":"Superior Nut Company","description":null,"type":null,"itemCount":13,"isSelected":null,"baseSeoURL":"/browse/food/chips/superior-nut-company/976759_976787_1001390/YnJhbmQ6U3VwZXJpb3IgTnV0IENvbXBhbnkie"},{"id":null,"name":"Wincrest Bulk Foods","description":null,"type":null,"itemCount":13,"isSelected":null,"baseSeoURL":"/browse/food/chips/wincrest-bulk-foods/976759_976787_1001390/YnJhbmQ6V2luY3Jlc3QgQnVsayBGb29kcwieie"},{"id":null,"name":"Hilo Life","description":null,"type":null,"itemCount":12,"isSelected":null,"baseSeoURL":"/browse/food/chips/hilo-life/976759_976787_1001390/YnJhbmQ6SGlsbyBMaWZl"},{"id":null,"name":"MISSION","description":null,"type":null,"itemCount":12,"isSelected":null,"baseSeoURL":"/browse/food/chips/mission/976759_976787_1001390/YnJhbmQ6TUlTU0lPTgieie"},{"id":null,"name":"P-nuff Crunch","description":null,"type":null,"itemCount":12,"isSelected":null,"baseSeoURL":"/browse/food/chips/p-nuff-crunch/976759_976787_1001390/YnJhbmQ6UC1udWZmIENydW5jaAieie"},{"id":null,"name":"Quinn Snacks","description":null,"type":null,"itemCount":12,"isSelected":null,"baseSeoURL":"/browse/food/chips/quinn-snacks/976759_976787_1001390/YnJhbmQ6UXVpbm4gU25hY2tz"},{"id":null,"name":"The Good Bean","description":null,"type":null,"itemCount":12,"isSelected":null,"baseSeoURL":"/browse/food/chips/the-good-bean/976759_976787_1001390/YnJhbmQ6VGhlIEdvb2QgQmVhbgieie"},{"id":null,"name":"Dang","description":null,"type":null,"itemCount":11,"isSelected":null,"baseSeoURL":"/browse/food/chips/dang/976759_976787_1001390/YnJhbmQ6RGFuZwieie"},{"id":null,"name":"Garvi Gujarat","description":null,"type":null,"itemCount":11,"isSelected":null,"baseSeoURL":"/browse/food/chips/garvi-gujarat/976759_976787_1001390/YnJhbmQ6R2FydmkgR3VqYXJhdAieie"},{"id":null,"name":"Kernel Pops Gourmet Popcorn","description":null,"type":null,"itemCount":11,"isSelected":null,"baseSeoURL":"/browse/food/chips/kernel-pops-gourmet-popcorn/976759_976787_1001390/YnJhbmQ6S2VybmVsIFBvcHMgR291cm1ldCBQb3Bjb3Ju"},{"id":null,"name":"Orchard Valley Harvest","description":null,"type":null,"itemCount":11,"isSelected":null,"baseSeoURL":"/browse/food/chips/orchard-valley-harvest/976759_976787_1001390/YnJhbmQ6T3JjaGFyZCBWYWxsZXkgSGFydmVzdAieie"},{"id":null,"name":"Orion","description":null,"type":null,"itemCount":11,"isSelected":null,"baseSeoURL":"/browse/food/chips/orion/976759_976787_1001390/YnJhbmQ6T3Jpb24ie"},{"id":null,"name":"Wise Snacks","description":null,"type":null,"itemCount":11,"isSelected":null,"baseSeoURL":"/browse/food/chips/wise-snacks/976759_976787_1001390/YnJhbmQ6V2lzZSBTbmFja3Mie"},{"id":null,"name":"unknown","description":null,"type":null,"itemCount":11,"isSelected":null,"baseSeoURL":"/browse/food/chips/unknown/976759_976787_1001390/YnJhbmQ6dW5rbm93bgieie"},{"id":null,"name":"Ass Kickin'","description":null,"type":null,"itemCount":10,"isSelected":null,"baseSeoURL":"/browse/food/chips/ass-kickin-/976759_976787_1001390/YnJhbmQ6QXNzIEtpY2tpbiicie"},{"id":null,"name":"Bada Bean Bada Boom","description":null,"type":null,"itemCount":10,"isSelected":null,"baseSeoURL":"/browse/food/chips/bada-bean-bada-boom/976759_976787_1001390/YnJhbmQ6QmFkYSBCZWFuIEJhZGEgQm9vbQieie"},{"id":null,"name":"Ballreich's","description":null,"type":null,"itemCount":10,"isSelected":null,"baseSeoURL":"/browse/food/chips/ballreich-s/976759_976787_1001390/YnJhbmQ6QmFsbHJlaWNoJ3Mie"},{"id":null,"name":"Black Jewell","description":null,"type":null,"itemCount":10,"isSelected":null,"baseSeoURL":"/browse/food/chips/black-jewell/976759_976787_1001390/YnJhbmQ6QmxhY2sgSmV3ZWxs"},{"id":null,"name":"Lorenz","description":null,"type":null,"itemCount":10,"isSelected":null,"baseSeoURL":"/browse/food/chips/lorenz/976759_976787_1001390/YnJhbmQ6TG9yZW56"},{"id":null,"name":"Made In Nature","description":null,"type":null,"itemCount":10,"isSelected":null,"baseSeoURL":"/browse/food/chips/made-in-nature/976759_976787_1001390/YnJhbmQ6TWFkZSBJbiiBOYXR1cmUie"},{"id":null,"name":"Quest Boards","description":null,"type":null,"itemCount":10,"isSelected":null,"baseSeoURL":"/browse/food/chips/quest-boards/976759_976787_1001390/YnJhbmQ6UXVlc3QgQm9hcmRz"},{"id":null,"name":"Tiny But Mighty","description":null,"type":null,"itemCount":10,"isSelected":null,"baseSeoURL":"/browse/food/chips/tiny-but-mighty/976759_976787_1001390/YnJhbmQ6VGlueSBCdXQgTWlnaHR5"},{"id":null,"name":"7DAYS","description":null,"type":null,"itemCount":9,"isSelected":null,"baseSeoURL":"/browse/food/chips/7days/976759_976787_1001390/YnJhbmQ6N0RBWVMie"},{"id":null,"name":"Anand","description":null,"type":null,"itemCount":9,"isSelected":null,"baseSeoURL":"/browse/food/chips/anand/976759_976787_1001390/YnJhbmQ6QW5hbmQie"},{"id":null,"name":"Arrowhead Mills","description":null,"type":null,"itemCount":9,"isSelected":null,"baseSeoURL":"/browse/food/chips/arrowhead-mills/976759_976787_1001390/YnJhbmQ6QXJyb3doZWFkIE1pbGxz"},{"id":null,"name":"Baked in Brooklyn","description":null,"type":null,"itemCount":9,"isSelected":null,"baseSeoURL":"/browse/food/chips/baked-in-brooklyn/976759_976787_1001390/YnJhbmQ6QmFrZWQgaW4gQnJvb2tseW4ie"},{"id":null,"name":"Bariatricpal","description":null,"type":null,"itemCount":9,"isSelected":null,"baseSeoURL":"/browse/food/chips/bariatricpal/976759_976787_1001390/YnJhbmQ6QmFyaWF0cmljcGFs"},{"id":null,"name":"Brothers All Natural","description":null,"type":null,"itemCount":9,"isSelected":null,"baseSeoURL":"/browse/food/chips/brothers-all-natural/976759_976787_1001390/YnJhbmQ6QnJvdGhlcnMgQWxsIE5hdHVyYWwie"},{"id":null,"name":"Chips","description":null,"type":null,"itemCount":9,"isSelected":null,"baseSeoURL":"/browse/food/chips/chips/976759_976787_1001390/YnJhbmQ6Q2hpcHMie"},{"id":null,"name":"Craize","description":null,"type":null,"itemCount":9,"isSelected":null,"baseSeoURL":"/browse/food/chips/craize/976759_976787_1001390/YnJhbmQ6Q3JhaXpl"},{"id":null,"name":"Dieffenbach's","description":null,"type":null,"itemCount":9,"isSelected":null,"baseSeoURL":"/browse/food/chips/dieffenbach-s/976759_976787_1001390/YnJhbmQ6RGllZmZlbmJhY2gncwieie"},{"id":null,"name":"French's","description":null,"type":null,"itemCount":9,"isSelected":null,"baseSeoURL":"/browse/food/chips/french-s/976759_976787_1001390/YnJhbmQ6RnJlbmNoJ3Mie"},{"id":null,"name":"Fun Fair Treats","description":null,"type":null,"itemCount":9,"isSelected":null,"baseSeoURL":"/browse/food/chips/fun-fair-treats/976759_976787_1001390/YnJhbmQ6RnVuIEZhaXIgVHJlYXRz"},{"id":null,"name":"Fusion Select","description":null,"type":null,"itemCount":9,"isSelected":null,"baseSeoURL":"/browse/food/chips/fusion-select/976759_976787_1001390/YnJhbmQ6RnVzaW9uIFNlbGVjdAieie"},{"id":null,"name":"Gold Medal","description":null,"type":null,"itemCount":9,"isSelected":null,"baseSeoURL":"/browse/food/chips/gold-medal/976759_976787_1001390/YnJhbmQ6R29sZCBNZWRhbAieie"},{"id":null,"name":"Jacobs","description":null,"type":null,"itemCount":9,"isSelected":null,"baseSeoURL":"/browse/food/chips/jacobs/976759_976787_1001390/YnJhbmQ6SmFjb2Jz"},{"id":null,"name":"Just The Cheese","description":null,"type":null,"itemCount":9,"isSelected":null,"baseSeoURL":"/browse/food/chips/just-the-cheese/976759_976787_1001390/YnJhbmQ6SnVzdCBUaGUgQ2hlZXNl"},{"id":null,"name":"Martin's Potato Chips","description":null,"type":null,"itemCount":9,"isSelected":null,"baseSeoURL":"/browse/food/chips/martin-s-potato-chips/976759_976787_1001390/YnJhbmQ6TWFydGluJ3MgUG90YXRvIENoaXBz"},{"id":null,"name":"Nongshim","description":null,"type":null,"itemCount":9,"isSelected":null,"baseSeoURL":"/browse/food/chips/nongshim/976759_976787_1001390/YnJhbmQ6Tm9uZ3NoaW0ie"},{"id":null,"name":"POTATO","description":null,"type":null,"itemCount":9,"isSelected":null,"baseSeoURL":"/browse/food/chips/potato/976759_976787_1001390/YnJhbmQ6UE9UQVRP"},{"id":null,"name":"Th Foods","description":null,"type":null,"itemCount":9,"isSelected":null,"baseSeoURL":"/browse/food/chips/th-foods/976759_976787_1001390/YnJhbmQ6VGggRm9vZHMie"},{"id":null,"name":"Andy Capp's","description":null,"type":null,"itemCount":8,"isSelected":null,"baseSeoURL":"/browse/food/chips/andy-capp-s/976759_976787_1001390/YnJhbmQ6QW5keSBDYXBwJ3Mie"},{"id":null,"name":"Annie's","description":null,"type":null,"itemCount":8,"isSelected":null,"baseSeoURL":"/browse/food/chips/annie-s/976759_976787_1001390/YnJhbmQ6QW5uaWUncwieie"},{"id":null,"name":"Bergin Fruit and Nut Company","description":null,"type":null,"itemCount":8,"isSelected":null,"baseSeoURL":"/browse/food/chips/bergin-fruit-and-nut-company/976759_976787_1001390/YnJhbmQ6QmVyZ2luIEZydWl0IGFuZCBOdXQgQ29tcGFueQieie"},{"id":null,"name":"Dolfin","description":null,"type":null,"itemCount":8,"isSelected":null,"baseSeoURL":"/browse/food/chips/dolfin/976759_976787_1001390/YnJhbmQ6RG9sZmlu"},{"id":null,"name":"Donkey Chips","description":null,"type":null,"itemCount":8,"isSelected":null,"baseSeoURL":"/browse/food/chips/donkey-chips/976759_976787_1001390/YnJhbmQ6RG9ua2V5IENoaXBz"},{"id":null,"name":"Gefen","description":null,"type":null,"itemCount":8,"isSelected":null,"baseSeoURL":"/browse/food/chips/gefen/976759_976787_1001390/YnJhbmQ6R2VmZW4ie"},{"id":null,"name":"General Mills","description":null,"type":null,"itemCount":8,"isSelected":null,"baseSeoURL":"/browse/food/chips/general-mills/976759_976787_1001390/YnJhbmQ6R2VuZXJhbCBNaWxscwieie"},{"id":null,"name":"Good Health Inc","description":null,"type":null,"itemCount":8,"isSelected":null,"baseSeoURL":"/browse/food/chips/good-health-inc/976759_976787_1001390/YnJhbmQ6R29vZCBIZWFsdGggSW5j"},{"id":null,"name":"Great Lakes","description":null,"type":null,"itemCount":8,"isSelected":null,"baseSeoURL":"/browse/food/chips/great-lakes/976759_976787_1001390/YnJhbmQ6R3JlYXQgTGFrZXMie"},{"id":null,"name":"Jays","description":null,"type":null,"itemCount":8,"isSelected":null,"baseSeoURL":"/browse/food/chips/jays/976759_976787_1001390/YnJhbmQ6SmF5cwieie"},{"id":null,"name":"Ka-Pop!","description":null,"type":null,"itemCount":8,"isSelected":null,"baseSeoURL":"/browse/food/chips/ka-pop-/976759_976787_1001390/YnJhbmQ6S2EtUG9wIQieie"},{"id":null,"name":"Landau","description":null,"type":null,"itemCount":8,"isSelected":null,"baseSeoURL":"/browse/food/chips/landau/976759_976787_1001390/YnJhbmQ6TGFuZGF1"},{"id":null,"name":"Perfection Snacks","description":null,"type":null,"itemCount":8,"isSelected":null,"baseSeoURL":"/browse/food/chips/perfection-snacks/976759_976787_1001390/YnJhbmQ6UGVyZmVjdGlvbiiBTbmFja3Mie"},{"id":null,"name":"Poppington's","description":null,"type":null,"itemCount":8,"isSelected":null,"baseSeoURL":"/browse/food/chips/poppington-s/976759_976787_1001390/YnJhbmQ6UG9wcGluZ3Rvbiidz"},{"id":null,"name":"Real Foods","description":null,"type":null,"itemCount":8,"isSelected":null,"baseSeoURL":"/browse/food/chips/real-foods/976759_976787_1001390/YnJhbmQ6UmVhbCBGb29kcwieie"},{"id":null,"name":"Snacklins","description":null,"type":null,"itemCount":8,"isSelected":null,"baseSeoURL":"/browse/food/chips/snacklins/976759_976787_1001390/YnJhbmQ6U25hY2tsaW5z"},{"id":null,"name":"SpudLove","description":null,"type":null,"itemCount":8,"isSelected":null,"baseSeoURL":"/browse/food/chips/spudlove/976759_976787_1001390/YnJhbmQ6U3B1ZExvdmUie"},{"id":null,"name":"The Better Chip","description":null,"type":null,"itemCount":8,"isSelected":null,"baseSeoURL":"/browse/food/chips/the-better-chip/976759_976787_1001390/YnJhbmQ6VGhlIEJldHRlciiBDaGlw"},{"id":null,"name":"Tom's","description":null,"type":null,"itemCount":8,"isSelected":null,"baseSeoURL":"/browse/food/chips/tom-s/976759_976787_1001390/YnJhbmQ6VG9tJ3Mie"},{"id":null,"name":"Vegetable","description":null,"type":null,"itemCount":8,"isSelected":null,"baseSeoURL":"/browse/food/chips/vegetable/976759_976787_1001390/YnJhbmQ6VmVnZXRhYmxl"},{"id":null,"name":"4505","description":null,"type":null,"itemCount":7,"isSelected":null,"baseSeoURL":"/browse/food/chips/4505/976759_976787_1001390/YnJhbmQ6NDUwNQieie"},{"id":null,"name":"Commodity Popcorn","description":null,"type":null,"itemCount":7,"isSelected":null,"baseSeoURL":"/browse/food/chips/commodity-popcorn/976759_976787_1001390/YnJhbmQ6Q29tbW9kaXR5IFBvcGNvcm4ie"},{"id":null,"name":"Conn's","description":null,"type":null,"itemCount":7,"isSelected":null,"baseSeoURL":"/browse/food/chips/conn-s/976759_976787_1001390/YnJhbmQ6Q29ubiidz"},{"id":null,"name":"Cousin Willie's","description":null,"type":null,"itemCount":7,"isSelected":null,"baseSeoURL":"/browse/food/chips/cousin-willie-s/976759_976787_1001390/YnJhbmQ6Q291c2luIFdpbGxpZSdz"},{"id":null,"name":"Drizzilicious","description":null,"type":null,"itemCount":7,"isSelected":null,"baseSeoURL":"/browse/food/chips/drizzilicious/976759_976787_1001390/YnJhbmQ6RHJpenppbGljaW91cwieie"},{"id":null,"name":"El Sabroso","description":null,"type":null,"itemCount":7,"isSelected":null,"baseSeoURL":"/browse/food/chips/el-sabroso/976759_976787_1001390/YnJhbmQ6RWwgU2Fiicm9zbwieie"},{"id":null,"name":"Flamous","description":null,"type":null,"itemCount":7,"isSelected":null,"baseSeoURL":"/browse/food/chips/flamous/976759_976787_1001390/YnJhbmQ6RmxhbW91cwieie"},{"id":null,"name":"Fresh Gourmet","description":null,"type":null,"itemCount":7,"isSelected":null,"baseSeoURL":"/browse/food/chips/fresh-gourmet/976759_976787_1001390/YnJhbmQ6RnJlc2ggR291cm1ldAieie"},{"id":null,"name":"Galil","description":null,"type":null,"itemCount":7,"isSelected":null,"baseSeoURL":"/browse/food/chips/galil/976759_976787_1001390/YnJhbmQ6R2FsaWwie"},{"id":null,"name":"Jabsons","description":null,"type":null,"itemCount":7,"isSelected":null,"baseSeoURL":"/browse/food/chips/jabsons/976759_976787_1001390/YnJhbmQ6SmFiic29ucwieie"},{"id":null,"name":"LC Foods","description":null,"type":null,"itemCount":7,"isSelected":null,"baseSeoURL":"/browse/food/chips/lc-foods/976759_976787_1001390/YnJhbmQ6TEMgRm9vZHMie"},{"id":null,"name":"Maui Style","description":null,"type":null,"itemCount":7,"isSelected":null,"baseSeoURL":"/browse/food/chips/maui-style/976759_976787_1001390/YnJhbmQ6TWF1aSBTdHlsZQieie"},{"id":null,"name":"Mi Nina","description":null,"type":null,"itemCount":7,"isSelected":null,"baseSeoURL":"/browse/food/chips/mi-nina/976759_976787_1001390/YnJhbmQ6TWkgTmluYQieie"},{"id":null,"name":"NOW","description":null,"type":null,"itemCount":7,"isSelected":null,"baseSeoURL":"/browse/food/chips/now/976759_976787_1001390/YnJhbmQ6Tk9X"},{"id":null,"name":"Pop Zero","description":null,"type":null,"itemCount":7,"isSelected":null,"baseSeoURL":"/browse/food/chips/pop-zero/976759_976787_1001390/YnJhbmQ6UG9wIFplcm8ie"},{"id":null,"name":"Popcorn","description":null,"type":null,"itemCount":7,"isSelected":null,"baseSeoURL":"/browse/food/chips/popcorn/976759_976787_1001390/YnJhbmQ6UG9wY29ybgieie"},{"id":null,"name":"RGSB","description":null,"type":null,"itemCount":7,"isSelected":null,"baseSeoURL":"/browse/food/chips/rgsb/976759_976787_1001390/YnJhbmQ6UkdTQgieie"},{"id":null,"name":"RIND Snacks","description":null,"type":null,"itemCount":7,"isSelected":null,"baseSeoURL":"/browse/food/chips/rind-snacks/976759_976787_1001390/YnJhbmQ6UklORCBTbmFja3Mie"},{"id":null,"name":"Snack Box","description":null,"type":null,"itemCount":7,"isSelected":null,"baseSeoURL":"/browse/food/chips/snack-box/976759_976787_1001390/YnJhbmQ6U25hY2sgQm94"},{"id":null,"name":"Snappy Popcorn","description":null,"type":null,"itemCount":7,"isSelected":null,"baseSeoURL":"/browse/food/chips/snappy-popcorn/976759_976787_1001390/YnJhbmQ6U25hcHB5IFBvcGNvcm4ie"},{"id":null,"name":"Sun Tropics","description":null,"type":null,"itemCount":7,"isSelected":null,"baseSeoURL":"/browse/food/chips/sun-tropics/976759_976787_1001390/YnJhbmQ6U3VuIFRyb3BpY3Mie"},{"id":null,"name":"Suncore Foods","description":null,"type":null,"itemCount":7,"isSelected":null,"baseSeoURL":"/browse/food/chips/suncore-foods/976759_976787_1001390/YnJhbmQ6U3VuY29yZSBGb29kcwieie"},{"id":null,"name":"TROYER FARMS","description":null,"type":null,"itemCount":7,"isSelected":null,"baseSeoURL":"/browse/food/chips/troyer-farms/976759_976787_1001390/YnJhbmQ6VFJPWUVSIEZBUk1T"},{"id":null,"name":"The Only Bean","description":null,"type":null,"itemCount":7,"isSelected":null,"baseSeoURL":"/browse/food/chips/the-only-bean/976759_976787_1001390/YnJhbmQ6VGhlIE9ubHkgQmVhbgieie"},{"id":null,"name":"WW","description":null,"type":null,"itemCount":7,"isSelected":null,"baseSeoURL":"/browse/food/chips/ww/976759_976787_1001390/YnJhbmQ6V1cie"},{"id":null,"name":"Wabash Valley Farms","description":null,"type":null,"itemCount":7,"isSelected":null,"baseSeoURL":"/browse/food/chips/wabash-valley-farms/976759_976787_1001390/YnJhbmQ6V2FiiYXNoIFZhbGxleSBGYXJtcwieie"},{"id":null,"name":"Wellsley Farms","description":null,"type":null,"itemCount":7,"isSelected":null,"baseSeoURL":"/browse/food/chips/wellsley-farms/976759_976787_1001390/YnJhbmQ6V2VsbHNsZXkgRmFybXMie"},{"id":null,"name":"WonderSlim","description":null,"type":null,"itemCount":7,"isSelected":null,"baseSeoURL":"/browse/food/chips/wonderslim/976759_976787_1001390/YnJhbmQ6V29uZGVyU2xpbQieie"},{"id":null,"name":"YANKEETRADERS","description":null,"type":null,"itemCount":7,"isSelected":null,"baseSeoURL":"/browse/food/chips/yankeetraders/976759_976787_1001390/YnJhbmQ6WUFOS0VFVFJBREVSUwieie"},{"id":null,"name":"gimMe","description":null,"type":null,"itemCount":7,"isSelected":null,"baseSeoURL":"/browse/food/chips/gimme/976759_976787_1001390/YnJhbmQ6Z2ltTWUie"},{"id":null,"name":"Annie Chun's","description":null,"type":null,"itemCount":6,"isSelected":null,"baseSeoURL":"/browse/food/chips/annie-chun-s/976759_976787_1001390/YnJhbmQ6QW5uaWUgQ2h1biidz"},{"id":null,"name":"Avlis-co","description":null,"type":null,"itemCount":6,"isSelected":null,"baseSeoURL":"/browse/food/chips/avlis-co/976759_976787_1001390/YnJhbmQ6QXZsaXMtY28ie"},{"id":null,"name":"Brad's Plant Based","description":null,"type":null,"itemCount":6,"isSelected":null,"baseSeoURL":"/browse/food/chips/brad-s-plant-based/976759_976787_1001390/YnJhbmQ6QnJhZCdzIFBsYW50IEJhc2Vk"},{"id":null,"name":"Cakes","description":null,"type":null,"itemCount":6,"isSelected":null,"baseSeoURL":"/browse/food/chips/cakes/976759_976787_1001390/YnJhbmQ6Q2FrZXMie"},{"id":null,"name":"Carolina Kettle","description":null,"type":null,"itemCount":6,"isSelected":null,"baseSeoURL":"/browse/food/chips/carolina-kettle/976759_976787_1001390/YnJhbmQ6Q2Fyb2xpbmEgS2V0dGxl"},{"id":null,"name":"Crunch 'n Munch","description":null,"type":null,"itemCount":6,"isSelected":null,"baseSeoURL":"/browse/food/chips/crunch-n-munch/976759_976787_1001390/YnJhbmQ6Q3J1bmNoICduIE11bmNo"},{"id":null,"name":"Edward \u0026 Sons","description":null,"type":null,"itemCount":6,"isSelected":null,"baseSeoURL":"/browse/food/chips/edward-sons/976759_976787_1001390/YnJhbmQ6RWR3YXJkICYgU29ucwieie"},{"id":null,"name":"Element","description":null,"type":null,"itemCount":6,"isSelected":null,"baseSeoURL":"/browse/food/chips/element/976759_976787_1001390/YnJhbmQ6RWxlbWVudAieie"},{"id":null,"name":"Elmer's","description":null,"type":null,"itemCount":6,"isSelected":null,"baseSeoURL":"/browse/food/chips/elmer-s/976759_976787_1001390/YnJhbmQ6RWxtZXIncwieie"},{"id":null,"name":"FLOCK","description":null,"type":null,"itemCount":6,"isSelected":null,"baseSeoURL":"/browse/food/chips/flock/976759_976787_1001390/YnJhbmQ6RkxPQ0sie"},{"id":null,"name":"Galil Foods","description":null,"type":null,"itemCount":6,"isSelected":null,"baseSeoURL":"/browse/food/chips/galil-foods/976759_976787_1001390/YnJhbmQ6R2FsaWwgRm9vZHMie"},{"id":null,"name":"Gembos","description":null,"type":null,"itemCount":6,"isSelected":null,"baseSeoURL":"/browse/food/chips/gembos/976759_976787_1001390/YnJhbmQ6R2VtYm9z"},{"id":null,"name":"Genius Gourmet","description":null,"type":null,"itemCount":6,"isSelected":null,"baseSeoURL":"/browse/food/chips/genius-gourmet/976759_976787_1001390/YnJhbmQ6R2VuaXVzIEdvdXJtZXQie"},{"id":null,"name":"Hain Celestial","description":null,"type":null,"itemCount":6,"isSelected":null,"baseSeoURL":"/browse/food/chips/hain-celestial/976759_976787_1001390/YnJhbmQ6SGFpbiiBDZWxlc3RpYWwie"},{"id":null,"name":"Hippie Snacks","description":null,"type":null,"itemCount":6,"isSelected":null,"baseSeoURL":"/browse/food/chips/hippie-snacks/976759_976787_1001390/YnJhbmQ6SGlwcGllIFNuYWNrcwieie"},{"id":null,"name":"Humpty Dumpty","description":null,"type":null,"itemCount":6,"isSelected":null,"baseSeoURL":"/browse/food/chips/humpty-dumpty/976759_976787_1001390/YnJhbmQ6SHVtcHR5IER1bXB0eQieie"},{"id":null,"name":"IWON organics","description":null,"type":null,"itemCount":6,"isSelected":null,"baseSeoURL":"/browse/food/chips/iwon-organics/976759_976787_1001390/YnJhbmQ6SVdPTiiBvcmdhbmljcwieie"},{"id":null,"name":"Jojocornershop","description":null,"type":null,"itemCount":6,"isSelected":null,"baseSeoURL":"/browse/food/chips/jojocornershop/976759_976787_1001390/YnJhbmQ6Sm9qb2Nvcm5lcnNob3Aie"},{"id":null,"name":"Kirkland Signature","description":null,"type":null,"itemCount":6,"isSelected":null,"baseSeoURL":"/browse/food/chips/kirkland-signature/976759_976787_1001390/YnJhbmQ6S2lya2xhbmQgU2lnbmF0dXJl"},{"id":null,"name":"Live Love Pop","description":null,"type":null,"itemCount":6,"isSelected":null,"baseSeoURL":"/browse/food/chips/live-love-pop/976759_976787_1001390/YnJhbmQ6TGl2ZSBMb3ZlIFBvcAieie"},{"id":null,"name":"MT44","description":null,"type":null,"itemCount":6,"isSelected":null,"baseSeoURL":"/browse/food/chips/mt44/976759_976787_1001390/YnJhbmQ6TVQ0NAieie"},{"id":null,"name":"MW Polar","description":null,"type":null,"itemCount":6,"isSelected":null,"baseSeoURL":"/browse/food/chips/mw-polar/976759_976787_1001390/YnJhbmQ6TVcgUG9sYXIie"},{"id":null,"name":"Mambi","description":null,"type":null,"itemCount":6,"isSelected":null,"baseSeoURL":"/browse/food/chips/mambi/976759_976787_1001390/YnJhbmQ6TWFtYmkie"},{"id":null,"name":"Multipack","description":null,"type":null,"itemCount":6,"isSelected":null,"baseSeoURL":"/browse/food/chips/multipack/976759_976787_1001390/YnJhbmQ6TXVsdGlwYWNr"},{"id":null,"name":"Outstanding Foods","description":null,"type":null,"itemCount":6,"isSelected":null,"baseSeoURL":"/browse/food/chips/outstanding-foods/976759_976787_1001390/YnJhbmQ6T3V0c3RhbmRpbmcgRm9vZHMie"},{"id":null,"name":"Puffworks","description":null,"type":null,"itemCount":6,"isSelected":null,"baseSeoURL":"/browse/food/chips/puffworks/976759_976787_1001390/YnJhbmQ6UHVmZndvcmtz"},{"id":null,"name":"Quevos","description":null,"type":null,"itemCount":6,"isSelected":null,"baseSeoURL":"/browse/food/chips/quevos/976759_976787_1001390/YnJhbmQ6UXVldm9z"},{"id":null,"name":"Ranch Rewards","description":null,"type":null,"itemCount":6,"isSelected":null,"baseSeoURL":"/browse/food/chips/ranch-rewards/976759_976787_1001390/YnJhbmQ6UmFuY2ggUmV3YXJkcwieie"},{"id":null,"name":"Regenie's","description":null,"type":null,"itemCount":6,"isSelected":null,"baseSeoURL":"/browse/food/chips/regenie-s/976759_976787_1001390/YnJhbmQ6UmVnZW5pZSdz"},{"id":null,"name":"Roast Foods","description":null,"type":null,"itemCount":6,"isSelected":null,"baseSeoURL":"/browse/food/chips/roast-foods/976759_976787_1001390/YnJhbmQ6Um9hc3QgRm9vZHMie"},{"id":null,"name":"Seneca Foods","description":null,"type":null,"itemCount":6,"isSelected":null,"baseSeoURL":"/browse/food/chips/seneca-foods/976759_976787_1001390/YnJhbmQ6U2VuZWNhIEZvb2Rz"},{"id":null,"name":"Snak Club","description":null,"type":null,"itemCount":6,"isSelected":null,"baseSeoURL":"/browse/food/chips/snak-club/976759_976787_1001390/YnJhbmQ6U25hayBDbHVii"},{"id":null,"name":"TKS USA CORP.","description":null,"type":null,"itemCount":6,"isSelected":null,"baseSeoURL":"/browse/food/chips/tks-usa-corp-/976759_976787_1001390/YnJhbmQ6VEtTIFVTQSBDT1JQLgieie"},{"id":null,"name":"Wicked Crisps","description":null,"type":null,"itemCount":6,"isSelected":null,"baseSeoURL":"/browse/food/chips/wicked-crisps/976759_976787_1001390/YnJhbmQ6V2lja2VkIENyaXNwcwieie"},{"id":null,"name":"Wilde Chips","description":null,"type":null,"itemCount":6,"isSelected":null,"baseSeoURL":"/browse/food/chips/wilde-chips/976759_976787_1001390/YnJhbmQ6V2lsZGUgQ2hpcHMie"},{"id":null,"name":"Alexia","description":null,"type":null,"itemCount":5,"isSelected":null,"baseSeoURL":"/browse/food/chips/alexia/976759_976787_1001390/YnJhbmQ6QWxleGlh"},{"id":null,"name":"Amplify Snacks","description":null,"type":null,"itemCount":5,"isSelected":null,"baseSeoURL":"/browse/food/chips/amplify-snacks/976759_976787_1001390/YnJhbmQ6QW1wbGlmeSBTbmFja3Mie"},{"id":null,"name":"Badatz","description":null,"type":null,"itemCount":5,"isSelected":null,"baseSeoURL":"/browse/food/chips/badatz/976759_976787_1001390/YnJhbmQ6QmFkYXR6"},{"id":null,"name":"Buc-ees","description":null,"type":null,"itemCount":5,"isSelected":null,"baseSeoURL":"/browse/food/chips/buc-ees/976759_976787_1001390/YnJhbmQ6QnVjLWVlcwieie"},{"id":null,"name":"CONTINENTAL CONCESSION","description":null,"type":null,"itemCount":5,"isSelected":null,"baseSeoURL":"/browse/food/chips/continental-concession/976759_976787_1001390/YnJhbmQ6Q09OVElORU5UQUwgQ09OQ0VTU0lPTgieie"},{"id":null,"name":"Cello","description":null,"type":null,"itemCount":5,"isSelected":null,"baseSeoURL":"/browse/food/chips/cello/976759_976787_1001390/YnJhbmQ6Q2VsbG8ie"},{"id":null,"name":"Danielle's","description":null,"type":null,"itemCount":5,"isSelected":null,"baseSeoURL":"/browse/food/chips/danielle-s/976759_976787_1001390/YnJhbmQ6RGFuaWVsbGUncwieie"},{"id":null,"name":"Dutch Crunch","description":null,"type":null,"itemCount":5,"isSelected":null,"baseSeoURL":"/browse/food/chips/dutch-crunch/976759_976787_1001390/YnJhbmQ6RHV0Y2ggQ3J1bmNo"},{"id":null,"name":"Expo International","description":null,"type":null,"itemCount":5,"isSelected":null,"baseSeoURL":"/browse/food/chips/expo-international/976759_976787_1001390/YnJhbmQ6RXhwbyBJbnRlcm5hdGlvbmFs"},{"id":null,"name":"Flavor Mill","description":null,"type":null,"itemCount":5,"isSelected":null,"baseSeoURL":"/browse/food/chips/flavor-mill/976759_976787_1001390/YnJhbmQ6Rmxhdm9yIE1pbGwie"},{"id":null,"name":"Food \u0026 Beverage","description":null,"type":null,"itemCount":5,"isSelected":null,"baseSeoURL":"/browse/food/chips/food-beverage/976759_976787_1001390/YnJhbmQ6Rm9vZCAmIEJldmVyYWdl"},{"id":null,"name":"Good's","description":null,"type":null,"itemCount":5,"isSelected":null,"baseSeoURL":"/browse/food/chips/good-s/976759_976787_1001390/YnJhbmQ6R29vZCdz"},{"id":null,"name":"Haitai","description":null,"type":null,"itemCount":5,"isSelected":null,"baseSeoURL":"/browse/food/chips/haitai/976759_976787_1001390/YnJhbmQ6SGFpdGFp"},{"id":null,"name":"John Wm. Macy's","description":null,"type":null,"itemCount":5,"isSelected":null,"baseSeoURL":"/browse/food/chips/john-wm-macy-s/976759_976787_1001390/YnJhbmQ6Sm9obiiBXbS4gTWFjeSdz"},{"id":null,"name":"Keto Naturals","description":null,"type":null,"itemCount":5,"isSelected":null,"baseSeoURL":"/browse/food/chips/keto-naturals/976759_976787_1001390/YnJhbmQ6S2V0byBOYXR1cmFscwieie"},{"id":null,"name":"Mariquitas","description":null,"type":null,"itemCount":5,"isSelected":null,"baseSeoURL":"/browse/food/chips/mariquitas/976759_976787_1001390/YnJhbmQ6TWFyaXF1aXRhcwieie"},{"id":null,"name":"Merritt-Pop","description":null,"type":null,"itemCount":5,"isSelected":null,"baseSeoURL":"/browse/food/chips/merritt-pop/976759_976787_1001390/YnJhbmQ6TWVycml0dC1Qb3Aie"},{"id":null,"name":"Mexican Original","description":null,"type":null,"itemCount":5,"isSelected":null,"baseSeoURL":"/browse/food/chips/mexican-original/976759_976787_1001390/YnJhbmQ6TWV4aWNhbiiBPcmlnaW5hbAieie"},{"id":null,"name":"Mission Foods","description":null,"type":null,"itemCount":5,"isSelected":null,"baseSeoURL":"/browse/food/chips/mission-foods/976759_976787_1001390/YnJhbmQ6TWlzc2lvbiiBGb29kcwieie"},{"id":null,"name":"Mother Earth's Snack","description":null,"type":null,"itemCount":5,"isSelected":null,"baseSeoURL":"/browse/food/chips/mother-earth-s-snack/976759_976787_1001390/YnJhbmQ6TW90aGVyIEVhcnRoJ3MgU25hY2sie"},{"id":null,"name":"ORCHARD","description":null,"type":null,"itemCount":5,"isSelected":null,"baseSeoURL":"/browse/food/chips/orchard/976759_976787_1001390/YnJhbmQ6T1JDSEFSRAieie"},{"id":null,"name":"Olivenation","description":null,"type":null,"itemCount":5,"isSelected":null,"baseSeoURL":"/browse/food/chips/olivenation/976759_976787_1001390/YnJhbmQ6T2xpdmVuYXRpb24ie"},{"id":null,"name":"Peatos","description":null,"type":null,"itemCount":5,"isSelected":null,"baseSeoURL":"/browse/food/chips/peatos/976759_976787_1001390/YnJhbmQ6UGVhdG9z"},{"id":null,"name":"Poptime","description":null,"type":null,"itemCount":5,"isSelected":null,"baseSeoURL":"/browse/food/chips/poptime/976759_976787_1001390/YnJhbmQ6UG9wdGltZQieie"},{"id":null,"name":"RW Garcia","description":null,"type":null,"itemCount":5,"isSelected":null,"baseSeoURL":"/browse/food/chips/rw-garcia/976759_976787_1001390/YnJhbmQ6UlcgR2FyY2lh"},{"id":null,"name":"Samai","description":null,"type":null,"itemCount":5,"isSelected":null,"baseSeoURL":"/browse/food/chips/samai/976759_976787_1001390/YnJhbmQ6U2FtYWkie"},{"id":null,"name":"Sweet Gourmet","description":null,"type":null,"itemCount":5,"isSelected":null,"baseSeoURL":"/browse/food/chips/sweet-gourmet/976759_976787_1001390/YnJhbmQ6U3dlZXQgR291cm1ldAieie"},{"id":null,"name":"Three Farmers","description":null,"type":null,"itemCount":5,"isSelected":null,"baseSeoURL":"/browse/food/chips/three-farmers/976759_976787_1001390/YnJhbmQ6VGhyZWUgRmFybWVycwieie"},{"id":null,"name":"Tim's","description":null,"type":null,"itemCount":5,"isSelected":null,"baseSeoURL":"/browse/food/chips/tim-s/976759_976787_1001390/YnJhbmQ6VGltJ3Mie"},{"id":null,"name":"Totis","description":null,"type":null,"itemCount":5,"isSelected":null,"baseSeoURL":"/browse/food/chips/totis/976759_976787_1001390/YnJhbmQ6VG90aXMie"},{"id":null,"name":"Weight Watchers","description":null,"type":null,"itemCount":5,"isSelected":null,"baseSeoURL":"/browse/food/chips/weight-watchers/976759_976787_1001390/YnJhbmQ6V2VpZ2h0IFdhdGNoZXJz"},{"id":null,"name":"Zambos","description":null,"type":null,"itemCount":5,"isSelected":null,"baseSeoURL":"/browse/food/chips/zambos/976759_976787_1001390/YnJhbmQ6WmFtYm9z"},{"id":null,"name":"baltech","description":null,"type":null,"itemCount":5,"isSelected":null,"baseSeoURL":"/browse/food/chips/baltech/976759_976787_1001390/YnJhbmQ6YmFsdGVjaAieie"},{"id":null,"name":"1in6snacks","description":null,"type":null,"itemCount":4,"isSelected":null,"baseSeoURL":"/browse/food/chips/1in6snacks/976759_976787_1001390/YnJhbmQ6MWluNnNuYWNrcwieie"},{"id":null,"name":"A\u0026C Best Food Trading Inc","description":null,"type":null,"itemCount":4,"isSelected":null,"baseSeoURL":"/browse/food/chips/a-c-best-food-trading-inc/976759_976787_1001390/YnJhbmQ6QSZDIEJlc3QgRm9vZCBUcmFkaW5nIEluYwieie"},{"id":null,"name":"Augason Farms","description":null,"type":null,"itemCount":4,"isSelected":null,"baseSeoURL":"/browse/food/chips/augason-farms/976759_976787_1001390/YnJhbmQ6QXVnYXNvbiiBGYXJtcwieie"},{"id":null,"name":"B\u0026G Foods","description":null,"type":null,"itemCount":4,"isSelected":null,"baseSeoURL":"/browse/food/chips/b-g-foods/976759_976787_1001390/YnJhbmQ6QiiZHIEZvb2Rz"},{"id":null,"name":"BRAMI","description":null,"type":null,"itemCount":4,"isSelected":null,"baseSeoURL":"/browse/food/chips/brami/976759_976787_1001390/YnJhbmQ6QlJBTUkie"},{"id":null,"name":"Backer's","description":null,"type":null,"itemCount":4,"isSelected":null,"baseSeoURL":"/browse/food/chips/backer-s/976759_976787_1001390/YnJhbmQ6QmFja2VyJ3Mie"},{"id":null,"name":"Bestore","description":null,"type":null,"itemCount":4,"isSelected":null,"baseSeoURL":"/browse/food/chips/bestore/976759_976787_1001390/YnJhbmQ6QmVzdG9yZQieie"},{"id":null,"name":"Bourbon","description":null,"type":null,"itemCount":4,"isSelected":null,"baseSeoURL":"/browse/food/chips/bourbon/976759_976787_1001390/YnJhbmQ6Qm91cmJvbgieie"},{"id":null,"name":"Brad's Raw Foods","description":null,"type":null,"itemCount":4,"isSelected":null,"baseSeoURL":"/browse/food/chips/brad-s-raw-foods/976759_976787_1001390/YnJhbmQ6QnJhZCdzIFJhdyBGb29kcwieie"},{"id":null,"name":"CocoGoods","description":null,"type":null,"itemCount":4,"isSelected":null,"baseSeoURL":"/browse/food/chips/cocogoods/976759_976787_1001390/YnJhbmQ6Q29jb0dvb2Rz"},{"id":null,"name":"Cosmos Creations","description":null,"type":null,"itemCount":4,"isSelected":null,"baseSeoURL":"/browse/food/chips/cosmos-creations/976759_976787_1001390/YnJhbmQ6Q29zbW9zIENyZWF0aW9ucwieie"},{"id":null,"name":"Country Harvest","description":null,"type":null,"itemCount":4,"isSelected":null,"baseSeoURL":"/browse/food/chips/country-harvest/976759_976787_1001390/YnJhbmQ6Q291bnRyeSBIYXJ2ZXN0"},{"id":null,"name":"Deanan","description":null,"type":null,"itemCount":4,"isSelected":null,"baseSeoURL":"/browse/food/chips/deanan/976759_976787_1001390/YnJhbmQ6RGVhbmFu"},{"id":null,"name":"Diana","description":null,"type":null,"itemCount":4,"isSelected":null,"baseSeoURL":"/browse/food/chips/diana/976759_976787_1001390/YnJhbmQ6RGlhbmEie"},{"id":null,"name":"Eden Foods","description":null,"type":null,"itemCount":4,"isSelected":null,"baseSeoURL":"/browse/food/chips/eden-foods/976759_976787_1001390/YnJhbmQ6RWRlbiiBGb29kcwieie"},{"id":null,"name":"Field Trip","description":null,"type":null,"itemCount":4,"isSelected":null,"baseSeoURL":"/browse/food/chips/field-trip/976759_976787_1001390/YnJhbmQ6RmllbGQgVHJpcAieie"},{"id":null,"name":"Fisher's Popcorn","description":null,"type":null,"itemCount":4,"isSelected":null,"baseSeoURL":"/browse/food/chips/fisher-s-popcorn/976759_976787_1001390/YnJhbmQ6RmlzaGVyJ3MgUG9wY29ybgieie"},{"id":null,"name":"Food Should Taste Good","description":null,"type":null,"itemCount":4,"isSelected":null,"baseSeoURL":"/browse/food/chips/food-should-taste-good/976759_976787_1001390/YnJhbmQ6Rm9vZCBTaG91bGQgVGFzdGUgR29vZAieie"},{"id":null,"name":"Foods Alive","description":null,"type":null,"itemCount":4,"isSelected":null,"baseSeoURL":"/browse/food/chips/foods-alive/976759_976787_1001390/YnJhbmQ6Rm9vZHMgQWxpdmUie"},{"id":null,"name":"Fox Family","description":null,"type":null,"itemCount":4,"isSelected":null,"baseSeoURL":"/browse/food/chips/fox-family/976759_976787_1001390/YnJhbmQ6Rm94IEZhbWlseQieie"},{"id":null,"name":"Good Health Natural Foods","description":null,"type":null,"itemCount":4,"isSelected":null,"baseSeoURL":"/browse/food/chips/good-health-natural-foods/976759_976787_1001390/YnJhbmQ6R29vZCBIZWFsdGggTmF0dXJhbCBGb29kcwieie"},{"id":null,"name":"Good Natured","description":null,"type":null,"itemCount":4,"isSelected":null,"baseSeoURL":"/browse/food/chips/good-natured/976759_976787_1001390/YnJhbmQ6R29vZCBOYXR1cmVk"},{"id":null,"name":"Goodhealth","description":null,"type":null,"itemCount":4,"isSelected":null,"baseSeoURL":"/browse/food/chips/goodhealth/976759_976787_1001390/YnJhbmQ6R29vZGhlYWx0aAieie"},{"id":null,"name":"Great Western","description":null,"type":null,"itemCount":4,"isSelected":null,"baseSeoURL":"/browse/food/chips/great-western/976759_976787_1001390/YnJhbmQ6R3JlYXQgV2VzdGVybgieie"},{"id":null,"name":"Hawaiian","description":null,"type":null,"itemCount":4,"isSelected":null,"baseSeoURL":"/browse/food/chips/hawaiian/976759_976787_1001390/YnJhbmQ6SGF3YWlpYW4ie"},{"id":null,"name":"Hershey's","description":null,"type":null,"itemCount":4,"isSelected":null,"baseSeoURL":"/browse/food/chips/hershey-s/976759_976787_1001390/YnJhbmQ6SGVyc2hleSdz"},{"id":null,"name":"Honest Green","description":null,"type":null,"itemCount":4,"isSelected":null,"baseSeoURL":"/browse/food/chips/honest-green/976759_976787_1001390/YnJhbmQ6SG9uZXN0IEdyZWVu"},{"id":null,"name":"Inka Corn","description":null,"type":null,"itemCount":4,"isSelected":null,"baseSeoURL":"/browse/food/chips/inka-corn/976759_976787_1001390/YnJhbmQ6SW5rYSBDb3Ju"},{"id":null,"name":"Jack N' Jill","description":null,"type":null,"itemCount":4,"isSelected":null,"baseSeoURL":"/browse/food/chips/jack-n-jill/976759_976787_1001390/YnJhbmQ6SmFjayBOJyBKaWxs"},{"id":null,"name":"Kathy Kaye","description":null,"type":null,"itemCount":4,"isSelected":null,"baseSeoURL":"/browse/food/chips/kathy-kaye/976759_976787_1001390/YnJhbmQ6S2F0aHkgS2F5ZQieie"},{"id":null,"name":"Krunchers!","description":null,"type":null,"itemCount":4,"isSelected":null,"baseSeoURL":"/browse/food/chips/krunchers-/976759_976787_1001390/YnJhbmQ6S3J1bmNoZXJzIQieie"},{"id":null,"name":"LPI","description":null,"type":null,"itemCount":4,"isSelected":null,"baseSeoURL":"/browse/food/chips/lpi/976759_976787_1001390/YnJhbmQ6TFBJ"},{"id":null,"name":"Lamb Weston","description":null,"type":null,"itemCount":4,"isSelected":null,"baseSeoURL":"/browse/food/chips/lamb-weston/976759_976787_1001390/YnJhbmQ6TGFtYiiBXZXN0b24ie"},{"id":null,"name":"Laxmi","description":null,"type":null,"itemCount":4,"isSelected":null,"baseSeoURL":"/browse/food/chips/laxmi/976759_976787_1001390/YnJhbmQ6TGF4bWkie"},{"id":null,"name":"Lowrey's","description":null,"type":null,"itemCount":4,"isSelected":null,"baseSeoURL":"/browse/food/chips/lowrey-s/976759_976787_1001390/YnJhbmQ6TG93cmV5J3Mie"},{"id":null,"name":"Marco Polo","description":null,"type":null,"itemCount":4,"isSelected":null,"baseSeoURL":"/browse/food/chips/marco-polo/976759_976787_1001390/YnJhbmQ6TWFyY28gUG9sbwieie"},{"id":null,"name":"Mega Pop","description":null,"type":null,"itemCount":4,"isSelected":null,"baseSeoURL":"/browse/food/chips/mega-pop/976759_976787_1001390/YnJhbmQ6TWVnYSBQb3Aie"},{"id":null,"name":"Munch Rights","description":null,"type":null,"itemCount":4,"isSelected":null,"baseSeoURL":"/browse/food/chips/munch-rights/976759_976787_1001390/YnJhbmQ6TXVuY2ggUmlnaHRz"},{"id":null,"name":"Newman's Own","description":null,"type":null,"itemCount":4,"isSelected":null,"baseSeoURL":"/browse/food/chips/newman-s-own/976759_976787_1001390/YnJhbmQ6TmV3bWFuJ3MgT3du"},{"id":null,"name":"OYATSU","description":null,"type":null,"itemCount":4,"isSelected":null,"baseSeoURL":"/browse/food/chips/oyatsu/976759_976787_1001390/YnJhbmQ6T1lBVFNV"},{"id":null,"name":"PRQ","description":null,"type":null,"itemCount":4,"isSelected":null,"baseSeoURL":"/browse/food/chips/prq/976759_976787_1001390/YnJhbmQ6UFJR"},{"id":null,"name":"Pure Protein","description":null,"type":null,"itemCount":4,"isSelected":null,"baseSeoURL":"/browse/food/chips/pure-protein/976759_976787_1001390/YnJhbmQ6UHVyZSBQcm90ZWlu"},{"id":null,"name":"Rice Krispies Treats","description":null,"type":null,"itemCount":4,"isSelected":null,"baseSeoURL":"/browse/food/chips/rice-krispies-treats/976759_976787_1001390/YnJhbmQ6UmljZSBLcmlzcGllcyBUcmVhdHMie"},{"id":null,"name":"Riceworks","description":null,"type":null,"itemCount":4,"isSelected":null,"baseSeoURL":"/browse/food/chips/riceworks/976759_976787_1001390/YnJhbmQ6UmljZXdvcmtz"},{"id":null,"name":"Sabor Mexicano","description":null,"type":null,"itemCount":4,"isSelected":null,"baseSeoURL":"/browse/food/chips/sabor-mexicano/976759_976787_1001390/YnJhbmQ6U2Fiib3IgTWV4aWNhbm8ie"},{"id":null,"name":"Shrewd Food","description":null,"type":null,"itemCount":4,"isSelected":null,"baseSeoURL":"/browse/food/chips/shrewd-food/976759_976787_1001390/YnJhbmQ6U2hyZXdkIEZvb2Qie"},{"id":null,"name":"SkinnyDipped","description":null,"type":null,"itemCount":4,"isSelected":null,"baseSeoURL":"/browse/food/chips/skinnydipped/976759_976787_1001390/YnJhbmQ6U2tpbm55RGlwcGVk"},{"id":null,"name":"Slim Jim","description":null,"type":null,"itemCount":4,"isSelected":null,"baseSeoURL":"/browse/food/chips/slim-jim/976759_976787_1001390/YnJhbmQ6U2xpbSBKaW0ie"},{"id":null,"name":"Slow Foods Kitchen","description":null,"type":null,"itemCount":4,"isSelected":null,"baseSeoURL":"/browse/food/chips/slow-foods-kitchen/976759_976787_1001390/YnJhbmQ6U2xvdyBGb29kcyBLaXRjaGVu"},{"id":null,"name":"Sold by Shop The Black Food Market","description":null,"type":null,"itemCount":4,"isSelected":null,"baseSeoURL":"/browse/food/chips/sold-by-shop-the-black-food-market/976759_976787_1001390/YnJhbmQ6U29sZCBiieSBTaG9wIFRoZSBCbGFjayBGb29kIE1hcmtldAieie"},{"id":null,"name":"Sweet Sensations","description":null,"type":null,"itemCount":4,"isSelected":null,"baseSeoURL":"/browse/food/chips/sweet-sensations/976759_976787_1001390/YnJhbmQ6U3dlZXQgU2Vuc2F0aW9ucwieie"},{"id":null,"name":"TOMS","description":null,"type":null,"itemCount":4,"isSelected":null,"baseSeoURL":"/browse/food/chips/toms/976759_976787_1001390/YnJhbmQ6VE9NUwieie"},{"id":null,"name":"Todd's Better Snacks","description":null,"type":null,"itemCount":4,"isSelected":null,"baseSeoURL":"/browse/food/chips/todd-s-better-snacks/976759_976787_1001390/YnJhbmQ6VG9kZCdzIEJldHRlciiBTbmFja3Mie"},{"id":null,"name":"Tortiyahs!","description":null,"type":null,"itemCount":4,"isSelected":null,"baseSeoURL":"/browse/food/chips/tortiyahs-/976759_976787_1001390/YnJhbmQ6VG9ydGl5YWhzIQieie"},{"id":null,"name":"Troyer","description":null,"type":null,"itemCount":4,"isSelected":null,"baseSeoURL":"/browse/food/chips/troyer/976759_976787_1001390/YnJhbmQ6VHJveWVy"},{"id":null,"name":"Vitner's","description":null,"type":null,"itemCount":4,"isSelected":null,"baseSeoURL":"/browse/food/chips/vitner-s/976759_976787_1001390/YnJhbmQ6Vml0bmVyJ3Mie"},{"id":null,"name":"Weaver","description":null,"type":null,"itemCount":4,"isSelected":null,"baseSeoURL":"/browse/food/chips/weaver/976759_976787_1001390/YnJhbmQ6V2VhdmVy"},{"id":null,"name":"Wholesome Provisions","description":null,"type":null,"itemCount":4,"isSelected":null,"baseSeoURL":"/browse/food/chips/wholesome-provisions/976759_976787_1001390/YnJhbmQ6V2hvbGVzb21lIFByb3Zpc2lvbnMie"},{"id":null,"name":"nimerex","description":null,"type":null,"itemCount":4,"isSelected":null,"baseSeoURL":"/browse/food/chips/nimerex/976759_976787_1001390/YnJhbmQ6bmltZXJleAieie"},{"id":null,"name":"Amish Wedding Foods","description":null,"type":null,"itemCount":3,"isSelected":null,"baseSeoURL":null},{"id":null,"name":"AshaPops","description":null,"type":null,"itemCount":3,"isSelected":null,"baseSeoURL":null},{"id":null,"name":"Asturi Bruschettini","description":null,"type":null,"itemCount":3,"isSelected":null,"baseSeoURL":null},{"id":null,"name":"AvoLov","description":null,"type":null,"itemCount":3,"isSelected":null,"baseSeoURL":null},{"id":null,"name":"Awsum snacks","description":null,"type":null,"itemCount":3,"isSelected":null,"baseSeoURL":null},{"id":null,"name":"BOSS CLASS","description":null,"type":null,"itemCount":3,"isSelected":null,"baseSeoURL":null},{"id":null,"name":"Backroad Country","description":null,"type":null,"itemCount":3,"isSelected":null,"baseSeoURL":null},{"id":null,"name":"Bacon's Heir","description":null,"type":null,"itemCount":3,"isSelected":null,"baseSeoURL":null},{"id":null,"name":"Bell \u0026 Gossett","description":null,"type":null,"itemCount":3,"isSelected":null,"baseSeoURL":null},{"id":null,"name":"Beyu Snacks","description":null,"type":null,"itemCount":3,"isSelected":null,"baseSeoURL":null},{"id":null,"name":"Big and Bold","description":null,"type":null,"itemCount":3,"isSelected":null,"baseSeoURL":null},{"id":null,"name":"Biggestsaleusa","description":null,"type":null,"itemCount":3,"isSelected":null,"baseSeoURL":null},{"id":null,"name":"Blunon","description":null,"type":null,"itemCount":3,"isSelected":null,"baseSeoURL":null},{"id":null,"name":"Brewer's Best","description":null,"type":null,"itemCount":3,"isSelected":null,"baseSeoURL":null},{"id":null,"name":"Bubba's Fine Foods","description":null,"type":null,"itemCount":3,"isSelected":null,"baseSeoURL":null},{"id":null,"name":"By Blend","description":null,"type":null,"itemCount":3,"isSelected":null,"baseSeoURL":null},{"id":null,"name":"By Cape Cod","description":null,"type":null,"itemCount":3,"isSelected":null,"baseSeoURL":null},{"id":null,"name":"Candy Pop","description":null,"type":null,"itemCount":3,"isSelected":null,"baseSeoURL":null},{"id":null,"name":"Cazo de Oro","description":null,"type":null,"itemCount":3,"isSelected":null,"baseSeoURL":null},{"id":null,"name":"Chef Piggy Tail","description":null,"type":null,"itemCount":3,"isSelected":null,"baseSeoURL":null},{"id":null,"name":"CocoTherapy","description":null,"type":null,"itemCount":3,"isSelected":null,"baseSeoURL":null},{"id":null,"name":"Congo Tropicals","description":null,"type":null,"itemCount":3,"isSelected":null,"baseSeoURL":null},{"id":null,"name":"Cosmos","description":null,"type":null,"itemCount":3,"isSelected":null,"baseSeoURL":null},{"id":null,"name":"Cracker Jack","description":null,"type":null,"itemCount":3,"isSelected":null,"baseSeoURL":null},{"id":null,"name":"De Mi Pais","description":null,"type":null,"itemCount":3,"isSelected":null,"baseSeoURL":null},{"id":null,"name":"Earth Balance","description":null,"type":null,"itemCount":3,"isSelected":null,"baseSeoURL":null},{"id":null,"name":"Frito","description":null,"type":null,"itemCount":3,"isSelected":null,"baseSeoURL":null},{"id":null,"name":"Gerbs","description":null,"type":null,"itemCount":3,"isSelected":null,"baseSeoURL":null},{"id":null,"name":"Good Good Eats","description":null,"type":null,"itemCount":3,"isSelected":null,"baseSeoURL":null},{"id":null,"name":"Good Health Natural Products","description":null,"type":null,"itemCount":3,"isSelected":null,"baseSeoURL":null},{"id":null,"name":"Green Mountain Gringo","description":null,"type":null,"itemCount":3,"isSelected":null,"baseSeoURL":null},{"id":null,"name":"Herdez","description":null,"type":null,"itemCount":3,"isSelected":null,"baseSeoURL":null},{"id":null,"name":"Hometown Bagel","description":null,"type":null,"itemCount":3,"isSelected":null,"baseSeoURL":null},{"id":null,"name":"I amaranth","description":null,"type":null,"itemCount":3,"isSelected":null,"baseSeoURL":null},{"id":null,"name":"IRVINS","description":null,"type":null,"itemCount":3,"isSelected":null,"baseSeoURL":null},{"id":null,"name":"Idahoan","description":null,"type":null,"itemCount":3,"isSelected":null,"baseSeoURL":null},{"id":null,"name":"Intakt Snacks","description":null,"type":null,"itemCount":3,"isSelected":null,"baseSeoURL":null},{"id":null,"name":"Jellybean Foods","description":null,"type":null,"itemCount":3,"isSelected":null,"baseSeoURL":null},{"id":null,"name":"Jones'","description":null,"type":null,"itemCount":3,"isSelected":null,"baseSeoURL":null},{"id":null,"name":"KAIDIMAN","description":null,"type":null,"itemCount":3,"isSelected":null,"baseSeoURL":null},{"id":null,"name":"KOIKE-YA","description":null,"type":null,"itemCount":3,"isSelected":null,"baseSeoURL":null},{"id":null,"name":"KSK","description":null,"type":null,"itemCount":3,"isSelected":null,"baseSeoURL":null},{"id":null,"name":"KURKURE","description":null,"type":null,"itemCount":3,"isSelected":null,"baseSeoURL":null},{"id":null,"name":"Kettle Bros.","description":null,"type":null,"itemCount":3,"isSelected":null,"baseSeoURL":null},{"id":null,"name":"Kinder Hanuta Minis Bag 7 oz each","description":null,"type":null,"itemCount":3,"isSelected":null,"baseSeoURL":null},{"id":null,"name":"Kitchen Cooked","description":null,"type":null,"itemCount":3,"isSelected":null,"baseSeoURL":null},{"id":null,"name":"Kitov","description":null,"type":null,"itemCount":3,"isSelected":null,"baseSeoURL":null},{"id":null,"name":"Kubota","description":null,"type":null,"itemCount":3,"isSelected":null,"baseSeoURL":null},{"id":null,"name":"Kupiec","description":null,"type":null,"itemCount":3,"isSelected":null,"baseSeoURL":null},{"id":null,"name":"Lance","description":null,"type":null,"itemCount":3,"isSelected":null,"baseSeoURL":null},{"id":null,"name":"Lulu Organics","description":null,"type":null,"itemCount":3,"isSelected":null,"baseSeoURL":null},{"id":null,"name":"Lulu Plantain","description":null,"type":null,"itemCount":3,"isSelected":null,"baseSeoURL":null},{"id":null,"name":"Michele's Pantry","description":null,"type":null,"itemCount":3,"isSelected":null,"baseSeoURL":null},{"id":null,"name":"Mission Nutrition","description":null,"type":null,"itemCount":3,"isSelected":null,"baseSeoURL":null},{"id":null,"name":"Mothers","description":null,"type":null,"itemCount":3,"isSelected":null,"baseSeoURL":null},{"id":null,"name":"NOW Foods","description":null,"type":null,"itemCount":3,"isSelected":null,"baseSeoURL":null},{"id":null,"name":"Ono Giant Shrimp Chips","description":null,"type":null,"itemCount":3,"isSelected":null,"baseSeoURL":null},{"id":null,"name":"PRODUCE UNBRANDED","description":null,"type":null,"itemCount":3,"isSelected":null,"baseSeoURL":null},{"id":null,"name":"Pepperidge Farm","description":null,"type":null,"itemCount":3,"isSelected":null,"baseSeoURL":null},{"id":null,"name":"Pik-Nik","description":null,"type":null,"itemCount":3,"isSelected":null,"baseSeoURL":null},{"id":null,"name":"Pink Rocket Topokki","description":null,"type":null,"itemCount":3,"isSelected":null,"baseSeoURL":null},{"id":null,"name":"Pop Weaver","description":null,"type":null,"itemCount":3,"isSelected":null,"baseSeoURL":null},{"id":null,"name":"Pops Corn","description":null,"type":null,"itemCount":3,"isSelected":null,"baseSeoURL":null},{"id":null,"name":"Protein Poppers","description":null,"type":null,"itemCount":3,"isSelected":null,"baseSeoURL":null},{"id":null,"name":"Quaker Oats","description":null,"type":null,"itemCount":3,"isSelected":null,"baseSeoURL":null},{"id":null,"name":"Rani Brand","description":null,"type":null,"itemCount":3,"isSelected":null,"baseSeoURL":null},{"id":null,"name":"Reese's","description":null,"type":null,"itemCount":3,"isSelected":null,"baseSeoURL":null},{"id":null,"name":"Regent","description":null,"type":null,"itemCount":3,"isSelected":null,"baseSeoURL":null},{"id":null,"name":"Root","description":null,"type":null,"itemCount":3,"isSelected":null,"baseSeoURL":null},{"id":null,"name":"Royal Family","description":null,"type":null,"itemCount":3,"isSelected":null,"baseSeoURL":null},{"id":null,"name":"Rural Route","description":null,"type":null,"itemCount":3,"isSelected":null,"baseSeoURL":null},{"id":null,"name":"SW GREENLIFE","description":null,"type":null,"itemCount":3,"isSelected":null,"baseSeoURL":null},{"id":null,"name":"Seapoint Farms","description":null,"type":null,"itemCount":3,"isSelected":null,"baseSeoURL":null},{"id":null,"name":"Snack Factory","description":null,"type":null,"itemCount":3,"isSelected":null,"baseSeoURL":null},{"id":null,"name":"Snappy Tools","description":null,"type":null,"itemCount":3,"isSelected":null,"baseSeoURL":null},{"id":null,"name":"Sonoma Creamery","description":null,"type":null,"itemCount":3,"isSelected":null,"baseSeoURL":null},{"id":null,"name":"Southern Recipe","description":null,"type":null,"itemCount":3,"isSelected":null,"baseSeoURL":null},{"id":null,"name":"Spicejungle","description":null,"type":null,"itemCount":3,"isSelected":null,"baseSeoURL":null},{"id":null,"name":"Spicy Twist","description":null,"type":null,"itemCount":3,"isSelected":null,"baseSeoURL":null},{"id":null,"name":"Stark","description":null,"type":null,"itemCount":3,"isSelected":null,"baseSeoURL":null},{"id":null,"name":"Tin Star Foods","description":null,"type":null,"itemCount":3,"isSelected":null,"baseSeoURL":null},{"id":null,"name":"Turbana","description":null,"type":null,"itemCount":3,"isSelected":null,"baseSeoURL":null},{"id":null,"name":"Werther's Original","description":null,"type":null,"itemCount":3,"isSelected":null,"baseSeoURL":null},{"id":null,"name":"Western","description":null,"type":null,"itemCount":3,"isSelected":null,"baseSeoURL":null},{"id":null,"name":"Wickles","description":null,"type":null,"itemCount":3,"isSelected":null,"baseSeoURL":null},{"id":null,"name":"Win Schuler's","description":null,"type":null,"itemCount":3,"isSelected":null,"baseSeoURL":null},{"id":null,"name":"Wisconsin Cheese Company","description":null,"type":null,"itemCount":3,"isSelected":null,"baseSeoURL":null},{"id":null,"name":"Yu-qui-tas","description":null,"type":null,"itemCount":3,"isSelected":null,"baseSeoURL":null},{"id":null,"name":"Yupik","description":null,"type":null,"itemCount":3,"isSelected":null,"baseSeoURL":null},{"id":null,"name":"2 box Takis Fuego Box of 46 Bags, (1 oz. Each bag)","description":null,"type":null,"itemCount":2,"isSelected":null,"baseSeoURL":null},{"id":null,"name":"ARA Real","description":null,"type":null,"itemCount":2,"isSelected":null,"baseSeoURL":null},{"id":null,"name":"AllTopBargains","description":null,"type":null,"itemCount":2,"isSelected":null,"baseSeoURL":null},{"id":null,"name":"Ambrosia","description":null,"type":null,"itemCount":2,"isSelected":null,"baseSeoURL":null},{"id":null,"name":"Athenos","description":null,"type":null,"itemCount":2,"isSelected":null,"baseSeoURL":null},{"id":null,"name":"Atkins","description":null,"type":null,"itemCount":2,"isSelected":null,"baseSeoURL":null},{"id":null,"name":"Aunt Kathy's Sweet Potato Pie, LLC","description":null,"type":null,"itemCount":2,"isSelected":null,"baseSeoURL":null},{"id":null,"name":"Azar","description":null,"type":null,"itemCount":2,"isSelected":null,"baseSeoURL":null},{"id":null,"name":"BANSI","description":null,"type":null,"itemCount":2,"isSelected":null,"baseSeoURL":null},{"id":null,"name":"Bachman","description":null,"type":null,"itemCount":2,"isSelected":null,"baseSeoURL":null},{"id":null,"name":"Better Health \u0026 Body","description":null,"type":null,"itemCount":2,"isSelected":null,"baseSeoURL":null},{"id":null,"name":"Beulah's Candyland","description":null,"type":null,"itemCount":2,"isSelected":null,"baseSeoURL":null},{"id":null,"name":"Bob's Red Mill","description":null,"type":null,"itemCount":2,"isSelected":null,"baseSeoURL":null},{"id":null,"name":"Boy Bawang","description":null,"type":null,"itemCount":2,"isSelected":null,"baseSeoURL":null},{"id":null,"name":"Burts","description":null,"type":null,"itemCount":2,"isSelected":null,"baseSeoURL":null},{"id":null,"name":"CHICK N' SKIN","description":null,"type":null,"itemCount":2,"isSelected":null,"baseSeoURL":null},{"id":null,"name":"Cajun Pop","description":null,"type":null,"itemCount":2,"isSelected":null,"baseSeoURL":null},{"id":null,"name":"Carolina","description":null,"type":null,"itemCount":2,"isSelected":null,"baseSeoURL":null},{"id":null,"name":"Cassava Crunch","description":null,"type":null,"itemCount":2,"isSelected":null,"baseSeoURL":null},{"id":null,"name":"Chatfield's","description":null,"type":null,"itemCount":2,"isSelected":null,"baseSeoURL":null},{"id":null,"name":"Cheer Mean","description":null,"type":null,"itemCount":2,"isSelected":null,"baseSeoURL":null},{"id":null,"name":"Chettinad","description":null,"type":null,"itemCount":2,"isSelected":null,"baseSeoURL":null},{"id":null,"name":"Chips \u0026 Crisps","description":null,"type":null,"itemCount":2,"isSelected":null,"baseSeoURL":null},{"id":null,"name":"Cinnamon Toast Crunch","description":null,"type":null,"itemCount":2,"isSelected":null,"baseSeoURL":null},{"id":null,"name":"Club","description":null,"type":null,"itemCount":2,"isSelected":null,"baseSeoURL":null},{"id":null,"name":"Concord Foods","description":null,"type":null,"itemCount":2,"isSelected":null,"baseSeoURL":null},{"id":null,"name":"Conquest","description":null,"type":null,"itemCount":2,"isSelected":null,"baseSeoURL":null},{"id":null,"name":"Corn Thins","description":null,"type":null,"itemCount":2,"isSelected":null,"baseSeoURL":null},{"id":null,"name":"Crisps","description":null,"type":null,"itemCount":2,"isSelected":null,"baseSeoURL":null},{"id":null,"name":"Crumps' Naturals","description":null,"type":null,"itemCount":2,"isSelected":null,"baseSeoURL":null},{"id":null,"name":"Crunch' n Munch","description":null,"type":null,"itemCount":2,"isSelected":null,"baseSeoURL":null},{"id":null,"name":"DJENALD ENTERPRISE , LLC","description":null,"type":null,"itemCount":2,"isSelected":null,"baseSeoURL":null}]},{"title":"Departments","name":"Departments","type":"cat_id","layout":"default","min":null,"max":null,"selectedMin":null,"selectedMax":null,"unboundedMax":null,"stepSize":null,"isSelected":null,"values":[{"id":"976759_976787_1001390_2941065","name":"Party Snacks","description":null,"type":"cat_id","itemCount":669,"isSelected":null,"baseSeoURL":"/browse/food/party-snacks/976759_976787_1001390_2941065"},{"id":"976759_976787_1001390_5517955","name":"Lay's Potato Chips","description":null,"type":"cat_id","itemCount":254,"isSelected":null,"baseSeoURL":"/browse/food/lay-s-potato-chips/976759_976787_1001390_5517955"},{"id":"976759_976787_1001390_4402657","name":"Potato Chips","description":null,"type":"cat_id","itemCount":725,"isSelected":null,"baseSeoURL":"/browse/food/potato-chips/976759_976787_1001390_4402657"},{"id":"976759_976787_1001390_9634100","name":"Variety Pack Chips","description":null,"type":"cat_id","itemCount":491,"isSelected":null,"baseSeoURL":"/browse/food/variety-pack-chips/976759_976787_1001390_9634100"},{"id":"976759_976787_1001390_4759368","name":"Healthy Snacks","description":null,"type":"cat_id","itemCount":1497,"isSelected":null,"baseSeoURL":"/browse/food/healthy-snacks/976759_976787_1001390_4759368"},{"id":"976759_976787_1001390_4501185","name":"Tortilla Chips","description":null,"type":"cat_id","itemCount":207,"isSelected":null,"baseSeoURL":"/browse/food/tortilla-chips/976759_976787_1001390_4501185"},{"id":"976759_976787_1001390_4274370","name":"Doritos","description":null,"type":"cat_id","itemCount":143,"isSelected":null,"baseSeoURL":"/browse/food/doritos/976759_976787_1001390_4274370"},{"id":"976759_976787_1001390_4402657_3654690","name":"Pringles","description":null,"type":"cat_id","itemCount":226,"isSelected":null,"baseSeoURL":"/browse/food/pringles/976759_976787_1001390_4402657_3654690"},{"id":"976759_976787_1001390_5910743","name":"Popcorn","description":null,"type":"cat_id","itemCount":1181,"isSelected":null,"baseSeoURL":"/browse/food/popcorn/976759_976787_1001390_5910743"},{"id":"976759_976787_1001390_2807168","name":"Puffed Snacks","description":null,"type":"cat_id","itemCount":984,"isSelected":null,"baseSeoURL":"/browse/food/puffed-snacks/976759_976787_1001390_2807168"},{"id":"976759_976787_1001390_6932513","name":"Rice Cakes","description":null,"type":"cat_id","itemCount":499,"isSelected":null,"baseSeoURL":"/browse/food/rice-cakes/976759_976787_1001390_6932513"},{"id":"976759_976787_1001390_2523039","name":"Kettle Chips","description":null,"type":"cat_id","itemCount":346,"isSelected":null,"baseSeoURL":"/browse/food/kettle-chips/976759_976787_1001390_2523039"},{"id":"976759_976787_1001390_9236001","name":"Hot Chips","description":null,"type":"cat_id","itemCount":214,"isSelected":null,"baseSeoURL":"/browse/food/hot-chips/976759_976787_1001390_9236001"},{"id":"976759_976787_1001390_3119101","name":"Pringles Convenient Pack","description":null,"type":"cat_id","itemCount":202,"isSelected":null,"baseSeoURL":"/browse/food/pringles-convenient-pack/976759_976787_1001390_3119101"},{"id":"976759_976787_1001390_3029045","name":"Pork Rinds","description":null,"type":"cat_id","itemCount":201,"isSelected":null,"baseSeoURL":"/browse/food/pork-rinds/976759_976787_1001390_3029045"},{"id":"976759_976787_1001390_9805889","name":"Corn Chips","description":null,"type":"cat_id","itemCount":184,"isSelected":null,"baseSeoURL":"/browse/food/corn-chips/976759_976787_1001390_9805889"},{"id":"976759_976787_1001390_2319411","name":"Salty Snacks Stock-Up","description":null,"type":"cat_id","itemCount":169,"isSelected":null,"baseSeoURL":"/browse/food/salty-snacks-stock-up/976759_976787_1001390_2319411"},{"id":"976759_976787_1001390_4890502","name":"Cheese Snacks","description":null,"type":"cat_id","itemCount":105,"isSelected":null,"baseSeoURL":"/browse/food/cheese-snacks/976759_976787_1001390_4890502"},{"id":"976759_976787_1001390_4084278","name":"Veggie Chips \u0026 Grain Chips","description":null,"type":"cat_id","itemCount":98,"isSelected":null,"baseSeoURL":"/browse/food/veggie-chips-grain-chips/976759_976787_1001390_4084278"},{"id":"976759_976787_1001390_6972673","name":"Spicy Snacks","description":null,"type":"cat_id","itemCount":79,"isSelected":null,"baseSeoURL":"/browse/food/spicy-snacks/976759_976787_1001390_6972673"},{"id":"976759_976787_1001390_2743638","name":"Snack Packs","description":null,"type":"cat_id","itemCount":71,"isSelected":null,"baseSeoURL":"/browse/food/snack-packs/976759_976787_1001390_2743638"},{"id":"976759_976787_1001390_8083609","name":"Pita Chips \u0026 Bagel Chips","description":null,"type":"cat_id","itemCount":56,"isSelected":null,"baseSeoURL":"/browse/food/pita-chips-bagel-chips/976759_976787_1001390_8083609"},{"id":"976759_976787_1001390_2636409","name":"Rye Chips","description":null,"type":"cat_id","itemCount":32,"isSelected":null,"baseSeoURL":"/browse/food/rye-chips/976759_976787_1001390_2636409"},{"id":"976759_976787_1001390_7941762","name":"Value Snacks","description":null,"type":"cat_id","itemCount":26,"isSelected":null,"baseSeoURL":"/browse/food/value-snacks/976759_976787_1001390_7941762"}]},{"title":"Speed","name":"Fulfillment Speed","type":"fulfillment_speed","layout":"pill","min":null,"max":null,"selectedMin":null,"selectedMax":null,"unboundedMax":null,"stepSize":null,"isSelected":null,"values":[{"id":null,"name":"Today","description":null,"type":null,"itemCount":0,"isSelected":null,"baseSeoURL":null},{"id":null,"name":"Tomorrow","description":null,"type":null,"itemCount":0,"isSelected":null,"baseSeoURL":null},{"id":null,"name":"2 days","description":null,"type":null,"itemCount":0,"isSelected":null,"baseSeoURL":null},{"id":null,"name":"Anytime","description":null,"type":null,"itemCount":0,"isSelected":null,"baseSeoURL":null}]},{"title":"Flavor","name":"Flavor","type":"flavor","layout":"default","min":null,"max":null,"selectedMin":null,"selectedMax":null,"unboundedMax":null,"stepSize":null,"isSelected":null,"values":[{"id":null,"name":"Cheese","description":null,"type":null,"itemCount":157,"isSelected":null,"baseSeoURL":null},{"id":null,"name":"Original","description":null,"type":null,"itemCount":346,"isSelected":null,"baseSeoURL":null},{"id":null,"name":"Spicy","description":null,"type":null,"itemCount":87,"isSelected":null,"baseSeoURL":null},{"id":null,"name":"Variety","description":null,"type":null,"itemCount":80,"isSelected":null,"baseSeoURL":null},{"id":null,"name":"White Cheddar","description":null,"type":null,"itemCount":78,"isSelected":null,"baseSeoURL":null},{"id":null,"name":"Apple","description":null,"type":null,"itemCount":14,"isSelected":null,"baseSeoURL":null},{"id":null,"name":"BBQ","description":null,"type":null,"itemCount":2,"isSelected":null,"baseSeoURL":null},{"id":null,"name":"Banana","description":null,"type":null,"itemCount":28,"isSelected":null,"baseSeoURL":null},{"id":null,"name":"Berry","description":null,"type":null,"itemCount":1,"isSelected":null,"baseSeoURL":null},{"id":null,"name":"Birthday Cake","description":null,"type":null,"itemCount":3,"isSelected":null,"baseSeoURL":null},{"id":null,"name":"Blueberry","description":null,"type":null,"itemCount":1,"isSelected":null,"baseSeoURL":null},{"id":null,"name":"Butter","description":null,"type":null,"itemCount":98,"isSelected":null,"baseSeoURL":null},{"id":null,"name":"Caramel","description":null,"type":null,"itemCount":32,"isSelected":null,"baseSeoURL":null},{"id":null,"name":"Chocolate","description":null,"type":null,"itemCount":20,"isSelected":null,"baseSeoURL":null},{"id":null,"name":"Cinnamon","description":null,"type":null,"itemCount":27,"isSelected":null,"baseSeoURL":null},{"id":null,"name":"Citrus","description":null,"type":null,"itemCount":1,"isSelected":null,"baseSeoURL":null},{"id":null,"name":"Cocoa","description":null,"type":null,"itemCount":1,"isSelected":null,"baseSeoURL":null},{"id":null,"name":"Coconut","description":null,"type":null,"itemCount":17,"isSelected":null,"baseSeoURL":null},{"id":null,"name":"Hazelnut","description":null,"type":null,"itemCount":1,"isSelected":null,"baseSeoURL":null},{"id":null,"name":"Jalapeno","description":null,"type":null,"itemCount":37,"isSelected":null,"baseSeoURL":null}]},{"title":"Special Diet Needs","name":"Special Diet Needs","type":"dietary_need","layout":"default","min":null,"max":null,"selectedMin":null,"selectedMax":null,"unboundedMax":null,"stepSize":null,"isSelected":null,"values":[{"id":null,"name":"100 Calorie","description":null,"type":null,"itemCount":7,"isSelected":null,"baseSeoURL":null},{"id":null,"name":"Cholesterol-Free","description":null,"type":null,"itemCount":76,"isSelected":null,"baseSeoURL":null},{"id":null,"name":"Dairy-Free","description":null,"type":null,"itemCount":16,"isSelected":null,"baseSeoURL":null},{"id":null,"name":"Fat-Free","description":null,"type":null,"itemCount":5,"isSelected":null,"baseSeoURL":null},{"id":null,"name":"GMO-Free","description":null,"type":null,"itemCount":72,"isSelected":null,"baseSeoURL":null},{"id":null,"name":"Gluten-Free","description":null,"type":null,"itemCount":377,"isSelected":null,"baseSeoURL":null},{"id":null,"name":"High Fiber","description":null,"type":null,"itemCount":5,"isSelected":null,"baseSeoURL":null},{"id":null,"name":"High Protein","description":null,"type":null,"itemCount":15,"isSelected":null,"baseSeoURL":null},{"id":null,"name":"Kosher","description":null,"type":null,"itemCount":627,"isSelected":null,"baseSeoURL":null},{"id":null,"name":"Lactose-Free","description":null,"type":null,"itemCount":1,"isSelected":null,"baseSeoURL":null},{"id":null,"name":"Low Calorie","description":null,"type":null,"itemCount":4,"isSelected":null,"baseSeoURL":null},{"id":null,"name":"Low Fat","description":null,"type":null,"itemCount":17,"isSelected":null,"baseSeoURL":null},{"id":null,"name":"Low Glycemic","description":null,"type":null,"itemCount":1,"isSelected":null,"baseSeoURL":null},{"id":null,"name":"Low Sodium","description":null,"type":null,"itemCount":6,"isSelected":null,"baseSeoURL":null},{"id":null,"name":"Low Sugar","description":null,"type":null,"itemCount":1,"isSelected":null,"baseSeoURL":null},{"id":null,"name":"Low-Carb","description":null,"type":null,"itemCount":8,"isSelected":null,"baseSeoURL":null},{"id":null,"name":"Natural","description":null,"type":null,"itemCount":62,"isSelected":null,"baseSeoURL":null},{"id":null,"name":"No Artificial Colors","description":null,"type":null,"itemCount":4,"isSelected":null,"baseSeoURL":null},{"id":null,"name":"No Artificial Flavors","description":null,"type":null,"itemCount":8,"isSelected":null,"baseSeoURL":null},{"id":null,"name":"No Preservatives","description":null,"type":null,"itemCount":10,"isSelected":null,"baseSeoURL":null}]},{"title":"Special Offers","name":"Special Offers","type":"special_offers","layout":"default","min":null,"max":null,"selectedMin":null,"selectedMax":null,"unboundedMax":null,"stepSize":null,"isSelected":null,"values":[{"id":null,"name":"Rollback","description":null,"type":null,"itemCount":19,"isSelected":null,"baseSeoURL":null},{"id":null,"name":"Clearance","description":null,"type":null,"itemCount":11,"isSelected":null,"baseSeoURL":null},{"id":null,"name":"Reduced Price","description":null,"type":null,"itemCount":298,"isSelected":null,"baseSeoURL":null}]},{"title":"Rating","name":"Customer Rating","type":"customer_rating","layout":"default","min":null,"max":null,"selectedMin":null,"selectedMax":null,"unboundedMax":null,"stepSize":null,"isSelected":null,"values":[{"id":null,"name":"4 - 5 Stars","description":null,"type":null,"itemCount":1931,"isSelected":null,"baseSeoURL":null},{"id":null,"name":"3 - 3.9 Stars","description":null,"type":null,"itemCount":2282,"isSelected":null,"baseSeoURL":null},{"id":null,"name":"2 - 2.9 Stars","description":null,"type":null,"itemCount":2351,"isSelected":null,"baseSeoURL":null},{"id":null,"name":"1 - 1.9 Stars","description":null,"type":null,"itemCount":2478,"isSelected":null,"baseSeoURL":null}]},{"title":"Number of Pieces","name":"Number of Pieces","type":"number_of_pieces","layout":"default","min":null,"max":null,"selectedMin":null,"selectedMax":null,"unboundedMax":null,"stepSize":null,"isSelected":null,"values":[{"id":null,"name":"1","description":null,"type":null,"itemCount":1583,"isSelected":null,"baseSeoURL":null},{"id":null,"name":"10","description":null,"type":null,"itemCount":104,"isSelected":null,"baseSeoURL":null},{"id":null,"name":"18","description":null,"type":null,"itemCount":64,"isSelected":null,"baseSeoURL":null},{"id":null,"name":"2","description":null,"type":null,"itemCount":116,"isSelected":null,"baseSeoURL":null},{"id":null,"name":"30","description":null,"type":null,"itemCount":53,"isSelected":null,"baseSeoURL":null},{"id":null,"name":"40","description":null,"type":null,"itemCount":40,"isSelected":null,"baseSeoURL":null},{"id":null,"name":"0","description":null,"type":null,"itemCount":31,"isSelected":null,"baseSeoURL":null},{"id":null,"name":"1.25","description":null,"type":null,"itemCount":1,"isSelected":null,"baseSeoURL":null},{"id":null,"name":"100","description":null,"type":null,"itemCount":2,"isSelected":null,"baseSeoURL":null},{"id":null,"name":"1000","description":null,"type":null,"itemCount":2,"isSelected":null,"baseSeoURL":null},{"id":null,"name":"104","description":null,"type":null,"itemCount":2,"isSelected":null,"baseSeoURL":null},{"id":null,"name":"11","description":null,"type":null,"itemCount":12,"isSelected":null,"baseSeoURL":null},{"id":null,"name":"1100","description":null,"type":null,"itemCount":1,"isSelected":null,"baseSeoURL":null},{"id":null,"name":"12","description":null,"type":null,"itemCount":265,"isSelected":null,"baseSeoURL":null},{"id":null,"name":"120","description":null,"type":null,"itemCount":1,"isSelected":null,"baseSeoURL":null},{"id":null,"name":"13","description":null,"type":null,"itemCount":6,"isSelected":null,"baseSeoURL":null},{"id":null,"name":"131","description":null,"type":null,"itemCount":1,"isSelected":null,"baseSeoURL":null},{"id":null,"name":"14","description":null,"type":null,"itemCount":46,"isSelected":null,"baseSeoURL":null},{"id":null,"name":"15","description":null,"type":null,"itemCount":25,"isSelected":null,"baseSeoURL":null},{"id":null,"name":"150","description":null,"type":null,"itemCount":3,"isSelected":null,"baseSeoURL":null}]},{"title":"Count","name":"Count","type":"count_per_pack_facet","layout":"default","min":null,"max":null,"selectedMin":null,"selectedMax":null,"unboundedMax":null,"stepSize":null,"isSelected":null,"values":[{"id":null,"name":"1 - 4","description":null,"type":null,"itemCount":18,"isSelected":null,"baseSeoURL":null},{"id":null,"name":"10 - 19","description":null,"type":null,"itemCount":1,"isSelected":null,"baseSeoURL":null},{"id":null,"name":"160 +","description":null,"type":null,"itemCount":1,"isSelected":null,"baseSeoURL":null},{"id":null,"name":"5 - 9","description":null,"type":null,"itemCount":13,"isSelected":null,"baseSeoURL":null},{"id":null,"name":"60 - 79","description":null,"type":null,"itemCount":2,"isSelected":null,"baseSeoURL":null},{"id":null,"name":"80 - 99","description":null,"type":null,"itemCount":1,"isSelected":null,"baseSeoURL":null}]},{"title":"Retailer","name":"Retailer","type":"retailer_type","layout":"default","min":null,"max":null,"selectedMin":null,"selectedMax":null,"unboundedMax":null,"stepSize":null,"isSelected":null,"values":[{"id":null,"name":"Walmart","description":null,"type":null,"itemCount":1392,"isSelected":null,"baseSeoURL":null},{"id":null,"name":"Pro Sellers","description":null,"type":null,"itemCount":608,"isSelected":null,"baseSeoURL":null},{"id":null,"name":"Marketplace Sellers fulfilled by Walmart","description":null,"type":null,"itemCount":99,"isSelected":null,"baseSeoURL":null}]},{"title":"Benefit Cards","name":"Benefit Cards","type":"snap_eligible","layout":"default","min":null,"max":null,"selectedMin":null,"selectedMax":null,"unboundedMax":null,"stepSize":null,"isSelected":null,"values":[{"id":null,"name":"EBT food eligible","description":null,"type":null,"itemCount":1258,"isSelected":null,"baseSeoURL":null}]}],"topNavFacets":null,"allSortAndFilterFacets":null}},"bottomZone4":{"name":"Popular In Browse Module","version":4,"type":"PopularInBrowse","moduleId":"98d4e7dd-30ed-40a9-aa39-4b57736dc239","schedule":{"priority":1},"matchedTrigger":{"zone":"bottomZone4"},"configs":{"__typename":"TempoWM_GLASSWWWPopularInBrowseConfigs","seoBrowseRelmData":{"relm":[{"id":"rippled-chips","name":"Rippled Chips","url":"/c/kp/rippled-chips"},{"id":"voodoo-chip","name":"Voodoo Chip","url":"/c/kp/voodoo-chip"},{"id":"churritos-snacks","name":"Churritos Snacks","url":"/c/kp/churritos-snacks"},{"id":"buffalo-chips","name":"Buffalo Chips","url":"/c/kp/buffalo-chips"},{"id":"granite-chips","name":"Granite Chips","url":"/c/kp/granite-chips"},{"id":"con-chip","name":"Con Chip","url":"/c/kp/con-chip"},{"id":"scoops-chip","name":"Scoops Chip","url":"/c/kp/scoops-chip"},{"id":"hamburger-chips","name":"Hamburger Chips","url":"/c/kp/hamburger-chips"},{"id":"hip-chips","name":"Hip Chips","url":"/c/kp/hip-chips"},{"id":"donkey-chips","name":"Brand: Donkey Chips","url":"/c/brand/donkey-chips"},{"id":"hawaiian-chips","name":"Hawaiian Chips","url":"/c/kp/hawaiian-chips"},{"id":"crab-chip","name":"Crab Chip","url":"/c/kp/crab-chip"}]}}},"topZone1":{"name":"Skyline Display Ad BP Dweb","version":2,"type":"SkylineDisplayAd","moduleId":"36887fe6-dad6-4b0d-8195-9c2ea6dbb444","schedule":{"priority":0},"matchedTrigger":{"zone":"topZone1"},"configs":{"__typename":"TempoWM_GLASSWWWSkylineDisplayAdConfigs","_rawConfigs":{"moduleLocation":"top","lazy":"400"},"ad":null}},"bottomZone2":{"name":"Sponsored Product Carousel BP","version":2,"type":"SponsoredProductCarousel","moduleId":"333badc5-42e1-4578-9275-d8e35f8032f1","schedule":{"priority":0},"matchedTrigger":{"zone":"bottomZone2"},"configs":{"__typename":"TempoWM_GLASSWWWSponsoredProductCarouselConfigs","_rawConfigs":{"title":"Sponsored Products","moduleLocation":"bottom","lazy":"500"}}}},"layoutContainerData":{"type":"container","flow":"vertical","content":[{"type":"container","flow":"vertical","content":{"type":"slot","id":"mainContentSlot","mapping":[{"type":"EXTERNAL","options":{"refId":"breadCrumb","tempoLabel":"breadCrumb","displayInTempo":true}},{"type":"ZONE","options":{"refId":"topZone1"}},{"type":"ZONE","options":{"refId":"topZone2"}},{"type":"ZONE","options":{"refId":"topZone3"}},{"type":"ZONE","options":{"refId":"pillsTopZone"}},{"type":"ZONE","options":{"refId":"topZone4"}},{"type":"ZONE","options":{"refId":"topZone5"}},{"type":"EXTERNAL","options":{"refId":"stacks1","tempoLabel":"Stacks Zone","displayInTempo":true}},{"type":"ZONE","options":{"refId":"bottomZone1"}},{"type":"ZONE","options":{"refId":"bottomZone2"}},{"type":"ZONE","options":{"refId":"bottomZone3"}},{"type":"ZONE","options":{"refId":"bottomZone4"}},{"type":"ZONE","options":{"refId":"bottomZone5"}}]}}]},"searchResult":{"title":"Results for \"Chips\"","aggregatedCount":9881,"breadCrumb":[{"id":"976759","name":"Food","url":"/cp/food/976759"},{"id":"976759_976787","name":"Snacks, Cookies \u0026 Chips","url":"/cp/snacks-cookies-chips/976787"},{"id":"976759_976787_1001390","name":"Chips","url":"/cp/chips/1001390"}],"shelfData":{"shelfName":"Food:Snacks, Cookies \u0026 Chips:Chips","shelfId":""},"debug":{"sisUrl":"http://preso-usgm-wcnp.prod.walmart.com/v1/search?query=\u0026facet=\u0026stores=3081\u0026cat_id=976759_976787_1001390\u0026sort=best_match\u0026page=1\u0026min_price=\u0026max_price=\u0026_be_shelf_id=\u0026ptss=\u0026trsp=\u0026prg=desktop\u0026stateOrProvinceCode=CA\u0026ps=40\u0026zipcode=95829\u0026module_search=\u0026inCatchment=true\u0026latitude=38.4744\u0026longitude=-121.3437\u0026extended_zipcode=95829\u0026addressId=\u0026hidden_facet=\u0026pickupStore=3081\u0026deliveryStore=3081\u0026translation=","adsUrl":"http://swag-wmt.prod.walmart.com/fs?prg=desktop\u0026query=\u0026cat_id=976759_976787_1001390\u0026_be_shelf_id=\u0026facet=\u0026page=1\u0026ps=10\u0026min_price=\u0026max_price=\u0026sort=best_match\u0026ptss=\u0026module_search=\u0026trsp=\u0026zipcode=95829\u0026stores=3081\u0026stateOrProvinceCode=CA\u0026latitude=38.4744\u0026longitude=-121.3437\u0026extended_zipcode=95829\u0026addressId=\u0026inCatchment=true\u0026pickupStore=3081\u0026deliveryStore=3081"},"itemStacks":[{"displayMessage":null,"meta":{"adsBeacon":{"adUuid":"fdf4d655-7db7-4ada-bc10-c136e1d6e5e5","moduleInfo":"{\"adUuid\":\"fdf4d655-7db7-4ada-bc10-c136e1d6e5e5\",\"facet\":false,\"intent\":false,\"sorting\":\"best_match\",\"bucketId\":\"2478\"}","max_ads":10},"query":"","stackId":0,"stackType":"DEFAULT","title":"Chips","layoutEnum":"GRID","totalItemCount":9881,"totalItemCountDisplay":"(1000+)","viewAllParams":null},"itemsV2":null,"title":"Chips","totalItemCountDisplay":"(1000+)","count":9881,"items":[{"__typename":"Product","availabilityStatusDisplayValue":"In stock","productLocationDisplayValue":null,"externalInfoUrl":"","canonicalUrl":"/ip/Kettle-Brand-Potato-Chips-Sea-Salt-and-Vinegar-Kettle-Chips-8-5-Oz/10818721?athbdg=L1600","canAddToCart":true,"showOptions":false,"showBuyNow":false,"description":"","flag":"Best seller","badge":{"key":"BESTSELLER","text":"Best seller","type":"LABEL","id":"L1600"},"fulfillmentBadges":["Pickup","Delivery","3+ day shipping"],"fulfillmentIcon":{"key":"SAVE_WITH_W_PLUS","label":"Save with"},"fulfillmentBadge":"","fulfillmentSpeed":[],"fulfillmentType":"FC","groupMetaData":{"groupType":null,"groupSubType":null,"numberOfComponents":0,"groupComponents":null},"id":"6YU4RRFRZI5I","itemType":null,"usItemId":"10818721","image":"https://i5.walmartimages.com/asr/5bb48bb8-d297-4b93-99fc-064391c82aad.00abbbd8a411d245e51c2d7f613ebf65.jpeg?odnHeight=180\u0026odnWidth=180\u0026odnBg=FFFFFF","isOutOfStock":false,"esrb":"","mediaRating":"","name":"Kettle Brand Potato Chips, Sea Salt and Vinegar Kettle Chips, 8.5 Oz","price":2.98,"preOrder":{"isPreOrder":false,"preOrderMessage":null,"preOrderStreetDateMessage":null},"priceInfo":{"itemPrice":"","linePrice":"$2.98","wasPrice":"","unitPrice":"35.1 ¢/oz","shipPrice":"","minPrice":0,"minPriceForVariant":"","subscriptionPrice":"","subscriptionString":"","priceDisplayCondition":"","finalCostByWeight":false,"submapType":""},"rating":{"averageRating":4.7,"numberOfReviews":1574},"salesUnit":"EACH","variantList":[],"isVariantTypeSwatch":false,"brand":null,"manufacturerName":null,"offerId":"18792EBA191241EBB9FB59F7AD302C70","fitmentLabel":"","isAtfMarker":false,"sellerId":"F55CDC31AB754BB68FE0B39041159D63","sellerName":"Walmart.com","hasSellerBadge":null,"seller":{"name":"Walmart.com","sellerId":"F55CDC31AB754BB68FE0B39041159D63"},"sponsoredProduct":{"spQs":"Qv0-uGhXcTizFAYZMM5KKDrrla89Gw8yRoA26M5j-a7qetU27c97JeqPBOM3myZs8aMI3ofv29d-sFzVNoZfF6bTeh2Pv9mfuN9D9HAkFCGneBj1FDtDAdVlaR-qgNV_r2PJdv_1WEQWTTOF7Hzr4lUKeeI_srnvyw6UdB8H8ME","clickBeacon":"https://wrd.walmart.com/track?rdf=0\u0026adUid=fdf4d655-7db7-4ada-bc10-c136e1d6e5e5\u0026plmt=__plmt__\u0026tax=976759_976787_1001390\u0026pltfm=desktop\u0026eventST=__eventST__\u0026pgId=976759_976787_1001390\u0026spQs=Qv0-uGhXcTizFAYZMM5KKDrrla89Gw8yRoA26M5j-a7qetU27c97JeqPBOM3myZs8aMI3ofv29d-sFzVNoZfF6bTeh2Pv9mfuN9D9HAkFCGneBj1FDtDAdVlaR-qgNV_r2PJdv_1WEQWTTOF7Hzr4lUKeeI_srnvyw6UdB8H8ME\u0026storeId=3081\u0026pt=browse\u0026pos=__pos__\u0026bt=__bt__\u0026mloc=sp-browse-middle\u0026bkt=2478","spTags":null},"checkStoreAvailabilityATC":false,"seeShippingEligibility":false,"rewards":null},{"__typename":"Product","availabilityStatusDisplayValue":"In stock","productLocationDisplayValue":null,"externalInfoUrl":"","canonicalUrl":"/ip/Quaker-Rice-Crisps-Caramel-Corn-7-04-oz-Bag/10312636","canAddToCart":true,"showOptions":false,"showBuyNow":false,"description":"","flag":"","badge":{"text":"","id":"","type":"","key":""},"fulfillmentBadges":["Pickup","Delivery","1-day shipping"],"fulfillmentIcon":{"key":"SAVE_WITH_W_PLUS","label":"Save with"},"fulfillmentBadge":"","fulfillmentSpeed":[],"fulfillmentType":"FC","groupMetaData":{"groupType":null,"groupSubType":null,"numberOfComponents":0,"groupComponents":null},"id":"2RS9QU0A97GH","itemType":null,"usItemId":"10312636","image":"https://i5.walmartimages.com/asr/2cec9d58-45f4-4786-bac7-ee2309464516_1.74a086cac178fbe196598dec9f566711.jpeg?odnHeight=180\u0026odnWidth=180\u0026odnBg=FFFFFF","isOutOfStock":false,"esrb":"","mediaRating":"","name":"Quaker Rice Crisps, Caramel Corn, 7.04 oz Bag","price":3.54,"preOrder":{"isPreOrder":false,"preOrderMessage":null,"preOrderStreetDateMessage":null},"priceInfo":{"itemPrice":"","linePrice":"$3.54","wasPrice":"","unitPrice":"50.3 ¢/oz","shipPrice":"","minPrice":0,"minPriceForVariant":"","subscriptionPrice":"","subscriptionString":"","priceDisplayCondition":"","finalCostByWeight":false,"submapType":""},"rating":{"averageRating":4.6,"numberOfReviews":903},"salesUnit":"EACH","variantList":[],"isVariantTypeSwatch":false,"brand":null,"manufacturerName":null,"offerId":"CDB16DE2931144BC98B45C09E00A775A","fitmentLabel":"","isAtfMarker":false,"sellerId":"F55CDC31AB754BB68FE0B39041159D63","sellerName":"Walmart.com","hasSellerBadge":null,"seller":{"name":"Walmart.com","sellerId":"F55CDC31AB754BB68FE0B39041159D63"},"sponsoredProduct":{"spQs":"p9tXsgBocz3ViI5xOjKExlpBzYlGJAF13vTWAYfToodHjyCc8wx3XYpRac-Zv_Vvb5Na9UVzaMpxwBw8HGUp4MCx28ZJUJZaxCAhBaRqfzeoOV0okR4wjnLAtdjbj0XkjCvlfmVJFmnpFJ-HiWj8FKIscMPAPPI16BWOXWI9FYQ","clickBeacon":"https://wrd.walmart.com/track?rdf=0\u0026adUid=fdf4d655-7db7-4ada-bc10-c136e1d6e5e5\u0026plmt=__plmt__\u0026tax=976759_976787_1001390\u0026pltfm=desktop\u0026eventST=__eventST__\u0026pgId=976759_976787_1001390\u0026spQs=p9tXsgBocz3ViI5xOjKExlpBzYlGJAF13vTWAYfToodHjyCc8wx3XYpRac-Zv_Vvb5Na9UVzaMpxwBw8HGUp4MCx28ZJUJZaxCAhBaRqfzeoOV0okR4wjnLAtdjbj0XkjCvlfmVJFmnpFJ-HiWj8FKIscMPAPPI16BWOXWI9FYQ\u0026storeId=3081\u0026pt=browse\u0026pos=__pos__\u0026bt=__bt__\u0026mloc=sp-browse-middle\u0026bkt=2478","spTags":null},"checkStoreAvailabilityATC":false,"seeShippingEligibility":false,"rewards":null},{"__typename":"Product","availabilityStatusDisplayValue":"In stock","productLocationDisplayValue":null,"externalInfoUrl":"","canonicalUrl":"/ip/Chef-Robert-Irvine-s-FITCRUNCH-Chocolate-Chip-Cookie-Dough-High-Protein-Baked-Bar-16g-Protein-9-73-oz-6ct/954829676?athbdg=L1600","canAddToCart":true,"showOptions":false,"showBuyNow":false,"description":"","flag":"Best seller","badge":{"key":"BESTSELLER","text":"Best seller","type":"LABEL","id":"L1600"},"fulfillmentBadges":["Pickup","Delivery","1-day shipping"],"fulfillmentIcon":{"key":"SAVE_WITH_W_PLUS","label":"Save with"},"fulfillmentBadge":"","fulfillmentSpeed":[],"fulfillmentType":"FC","groupMetaData":{"groupType":null,"groupSubType":null,"numberOfComponents":0,"groupComponents":null},"id":"5MHCB566IS07","itemType":null,"usItemId":"954829676","image":"https://i5.walmartimages.com/asr/a96e3e60-5955-49b1-877f-52af599f916b.7828444cab5856a4791e2e40ec5d35d0.jpeg?odnHeight=180\u0026odnWidth=180\u0026odnBg=FFFFFF","isOutOfStock":false,"esrb":"","mediaRating":"","name":"Chef Robert Irvine's FITCRUNCH Chocolate Chip Cookie Dough, High Protein Baked Bar, 16g Protein, 9.73 oz., 6ct","price":6.98,"preOrder":{"isPreOrder":false,"preOrderMessage":null,"preOrderStreetDateMessage":null},"priceInfo":{"itemPrice":"","linePrice":"$6.98","wasPrice":"","unitPrice":"$1.16/ea","shipPrice":"","minPrice":0,"minPriceForVariant":"","subscriptionPrice":"","subscriptionString":"","priceDisplayCondition":"","finalCostByWeight":false,"submapType":""},"rating":{"averageRating":4.6,"numberOfReviews":104},"salesUnit":"EACH","variantList":[],"isVariantTypeSwatch":false,"brand":null,"manufacturerName":null,"offerId":"1DEAC085DEA8445EB4250F33DF178085","fitmentLabel":"","isAtfMarker":false,"sellerId":"F55CDC31AB754BB68FE0B39041159D63","sellerName":"Walmart.com","hasSellerBadge":null,"seller":{"name":"Walmart.com","sellerId":"F55CDC31AB754BB68FE0B39041159D63"},"sponsoredProduct":{"spQs":"c2QX7cU6z1qcg6aGXo5vt3z7wMcs-1YLPDtDr2WnccB0Wkf1PEHpTQkTsXf2Pgxdw3ztHRitRBDisCKa5GAzmCRYAeFJcQVNJF4kg0xoX5RamLiky-r6hpohEI4mWartmvC7MYhi9QNbI_E1fhjiBoT34gUTUEx3gbAyHbjamlw","clickBeacon":"https://wrd.walmart.com/track?rdf=0\u0026adUid=fdf4d655-7db7-4ada-bc10-c136e1d6e5e5\u0026plmt=__plmt__\u0026tax=976759_976787_1001390\u0026pltfm=desktop\u0026eventST=__eventST__\u0026pgId=976759_976787_1001390\u0026spQs=c2QX7cU6z1qcg6aGXo5vt3z7wMcs-1YLPDtDr2WnccB0Wkf1PEHpTQkTsXf2Pgxdw3ztHRitRBDisCKa5GAzmCRYAeFJcQVNJF4kg0xoX5RamLiky-r6hpohEI4mWartmvC7MYhi9QNbI_E1fhjiBoT34gUTUEx3gbAyHbjamlw\u0026storeId=3081\u0026pt=browse\u0026pos=__pos__\u0026bt=__bt__\u0026mloc=sp-browse-middle\u0026bkt=2478","spTags":null},"checkStoreAvailabilityATC":false,"seeShippingEligibility":false,"rewards":null},{"__typename":"Product","availabilityStatusDisplayValue":"In stock","productLocationDisplayValue":null,"externalInfoUrl":"","canonicalUrl":"/ip/Cape-Cod-Potato-Chips-Original-Kettle-Chips-14-Oz-Party-Size/52796390?athbdg=L1600","canAddToCart":true,"showOptions":false,"showBuyNow":false,"description":"","flag":"Best seller","badge":{"key":"BESTSELLER","text":"Best seller","type":"LABEL","id":"L1600"},"fulfillmentBadges":["1-day shipping"],"fulfillmentIcon":{"key":"SAVE_WITH_W_PLUS","label":"Save with"},"fulfillmentBadge":"","fulfillmentSpeed":[],"fulfillmentType":"FC","groupMetaData":{"groupType":null,"groupSubType":null,"numberOfComponents":0,"groupComponents":null},"id":"2OAR10MRZ6MQ","itemType":null,"usItemId":"52796390","image":"https://i5.walmartimages.com/asr/6ef02787-d433-463b-bacd-671a799190d3.04e3fa4dfe0f06deffa7380e5ce36788.jpeg?odnHeight=180\u0026odnWidth=180\u0026odnBg=FFFFFF","isOutOfStock":false,"esrb":"","mediaRating":"","name":"Cape Cod Potato Chips, Original Kettle Chips, 14 Oz Party Size","price":4.48,"preOrder":{"isPreOrder":false,"preOrderMessage":null,"preOrderStreetDateMessage":null},"priceInfo":{"itemPrice":"","linePrice":"$4.48","wasPrice":"","unitPrice":"32.0 ¢/oz","shipPrice":"","minPrice":0,"minPriceForVariant":"","subscriptionPrice":"","subscriptionString":"","priceDisplayCondition":"","finalCostByWeight":false,"submapType":""},"rating":{"averageRating":4.7,"numberOfReviews":841},"salesUnit":"EACH","variantList":[],"isVariantTypeSwatch":false,"brand":null,"manufacturerName":null,"offerId":"AB263F5278AA4A1AB10EDD383D74B58A","fitmentLabel":"","isAtfMarker":false,"sellerId":"F55CDC31AB754BB68FE0B39041159D63","sellerName":"Walmart.com","hasSellerBadge":null,"seller":{"name":"Walmart.com","sellerId":"F55CDC31AB754BB68FE0B39041159D63"},"sponsoredProduct":{"spQs":"j72vd_OVOI6ZYo7OzDUrp-L5IBTX-8VxI3JXDzVO6mK_dauc-jUEjOxivIWaPqmT6VCNU1tBfwDg05MI9Rxb9WD0mUvWXt3wkLr3tdAyvgtjLGOZ8k74fvX0mpZM4QDQhD7EGfEuwnkwtY5_ujuSJ0RDMRWh74K0UwrvWHLtkcw","clickBeacon":"https://wrd.walmart.com/track?rdf=0\u0026adUid=fdf4d655-7db7-4ada-bc10-c136e1d6e5e5\u0026plmt=__plmt__\u0026tax=976759_976787_1001390\u0026pltfm=desktop\u0026eventST=__eventST__\u0026pgId=976759_976787_1001390\u0026spQs=j72vd_OVOI6ZYo7OzDUrp-L5IBTX-8VxI3JXDzVO6mK_dauc-jUEjOxivIWaPqmT6VCNU1tBfwDg05MI9Rxb9WD0mUvWXt3wkLr3tdAyvgtjLGOZ8k74fvX0mpZM4QDQhD7EGfEuwnkwtY5_ujuSJ0RDMRWh74K0UwrvWHLtkcw\u0026storeId=3081\u0026pt=browse\u0026pos=__pos__\u0026bt=__bt__\u0026mloc=sp-browse-middle\u0026bkt=2478","spTags":null},"checkStoreAvailabilityATC":false,"seeShippingEligibility":false,"rewards":null},{"__typename":"Product","availabilityStatusDisplayValue":"In stock","productLocationDisplayValue":null,"externalInfoUrl":"","canonicalUrl":"/ip/Lay-s-Classic-Potato-Chips-Party-Size-13-oz-Bag/677669806?athbdg=L1600","canAddToCart":true,"showOptions":false,"showBuyNow":false,"description":"\u003cli\u003eClassic potato chips\u003c/li\u003e\u003cli\u003eParty size bag is perfect for sharing\u003c/li\u003e\u003cli\u003eCrispy, yummy and deliciously tasty\u003c/li\u003e\u003cli\u003eIncludes three ingredients: potatoes, oil, and salt\u003c/li\u003e","flag":"Best seller","badge":{"key":"BESTSELLER","text":"Best seller","type":"LABEL","id":"L1600"},"fulfillmentBadges":["Pickup","Delivery"],"fulfillmentIcon":{"key":"SAVE_WITH_W_PLUS","label":"Save with"},"fulfillmentBadge":"","fulfillmentSpeed":[],"fulfillmentType":"STORE","groupMetaData":{"groupType":null,"groupSubType":null,"numberOfComponents":0,"groupComponents":null},"id":"31F9DOE2RGKJ","itemType":null,"usItemId":"677669806","image":"https://i5.walmartimages.com/asr/15b0a328-0403-4e27-b256-698e69675801.4479d277258b0bb9993670ed400a98d0.jpeg?odnHeight=180\u0026odnWidth=180\u0026odnBg=ffffff","isOutOfStock":false,"esrb":"","mediaRating":"","name":"Lay's Classic Potato Chips, Party Size, 13 oz Bag","price":4.48,"preOrder":{"isPreOrder":false,"preOrderMessage":null,"preOrderStreetDateMessage":null},"priceInfo":{"itemPrice":"","linePrice":"$4.48","wasPrice":"","unitPrice":"34.5 ¢/oz","shipPrice":"","minPrice":0,"minPriceForVariant":"","subscriptionPrice":"","subscriptionString":"","priceDisplayCondition":"","finalCostByWeight":false,"submapType":""},"rating":{"averageRating":4.1,"numberOfReviews":1417},"salesUnit":"EACH","variantList":[],"isVariantTypeSwatch":false,"brand":null,"manufacturerName":null,"offerId":"7692996EF6B7473BB21B3422FF3EBA0A","fitmentLabel":"","isAtfMarker":false,"sellerId":"F55CDC31AB754BB68FE0B39041159D63","sellerName":"Walmart.com","hasSellerBadge":null,"seller":{"name":"Walmart.com","sellerId":"F55CDC31AB754BB68FE0B39041159D63"},"sponsoredProduct":null,"checkStoreAvailabilityATC":false,"seeShippingEligibility":false,"rewards":null},{"__typename":"Product","availabilityStatusDisplayValue":"In stock","productLocationDisplayValue":null,"externalInfoUrl":"","canonicalUrl":"/ip/Frito-Lay-Flavor-Mix-Snacks-Variety-Pack-Party-Size-28-Count-Assortment-May-Vary/984440765?athbdg=L1600","canAddToCart":true,"showOptions":false,"showBuyNow":false,"description":"\u003cli\u003eDelicious snacks your whole family will enjoy\u003c/li\u003e\u003cli\u003eIndividually packaged for easy on-the-go and flavor-filled snacking\u003c/li\u003e\u003cli\u003eGreat for packing in school or work lunches\u003c/li\u003e","flag":"Best seller","badge":{"key":"BESTSELLER","text":"Best seller","type":"LABEL","id":"L1600"},"fulfillmentBadges":["1-day shipping"],"fulfillmentIcon":{"key":"SAVE_WITH_W_PLUS","label":"Save with"},"fulfillmentBadge":"Tomorrow","fulfillmentSpeed":["TOMORROW"],"fulfillmentType":"FC","groupMetaData":{"groupType":null,"groupSubType":null,"numberOfComponents":0,"groupComponents":null},"id":"75D63SH18BIF","itemType":null,"usItemId":"984440765","image":"https://i5.walmartimages.com/asr/09f62f48-52e5-4e03-9ce5-855a3172f555.eef7bf767aef87511d24d0eade2c88b6.jpeg?odnHeight=180\u0026odnWidth=180\u0026odnBg=ffffff","isOutOfStock":false,"esrb":"","mediaRating":"","name":"Frito-Lay Flavor Mix Snacks Variety Pack, Party Size, 28 Count (Assortment May Vary)","price":13.98,"preOrder":{"isPreOrder":false,"preOrderMessage":null,"preOrderStreetDateMessage":null},"priceInfo":{"itemPrice":"","linePrice":"$13.98","wasPrice":"","unitPrice":"49.9 ¢/ea","shipPrice":"","minPrice":0,"minPriceForVariant":"","subscriptionPrice":"","subscriptionString":"","priceDisplayCondition":"","finalCostByWeight":false,"submapType":""},"rating":{"averageRating":4.5,"numberOfReviews":561},"salesUnit":"EACH","variantList":[],"isVariantTypeSwatch":false,"brand":null,"manufacturerName":null,"offerId":"3EA265ADEDF142938807B8574A463367","fitmentLabel":"","isAtfMarker":false,"sellerId":"F55CDC31AB754BB68FE0B39041159D63","sellerName":"Walmart.com","hasSellerBadge":null,"seller":{"name":"Walmart.com","sellerId":"F55CDC31AB754BB68FE0B39041159D63"},"sponsoredProduct":null,"checkStoreAvailabilityATC":false,"seeShippingEligibility":false,"rewards":null},{"__typename":"Product","availabilityStatusDisplayValue":"In stock","productLocationDisplayValue":null,"externalInfoUrl":"","canonicalUrl":"/ip/Great-Value-Original-Wavy-Potato-Chips-13-oz/351534613?athbdg=L1600","canAddToCart":true,"showOptions":false,"showBuyNow":false,"description":"\u003cli\u003eMade with potatoes, vegetable oil, and salt\u003c/li\u003e\u003cli\u003eGluten free\u003c/li\u003e\u003cli\u003eAbout 13 servings per bag\u003c/li\u003e","flag":"Best seller","badge":{"key":"BESTSELLER","text":"Best seller","type":"LABEL","id":"L1600"},"fulfillmentBadges":["Pickup","Delivery","1-day shipping"],"fulfillmentIcon":{"key":"SAVE_WITH_W_PLUS","label":"Save with"},"fulfillmentBadge":"Tomorrow","fulfillmentSpeed":["TOMORROW"],"fulfillmentType":"FC","groupMetaData":{"groupType":null,"groupSubType":null,"numberOfComponents":0,"groupComponents":null},"id":"2QLRN5H5IRFA","itemType":null,"usItemId":"351534613","image":"https://i5.walmartimages.com/asr/f08616f3-0de5-4e71-9068-42bf30606632.0c243fd4c8cded70dc4a87756e3ce982.jpeg?odnHeight=180\u0026odnWidth=180\u0026odnBg=ffffff","isOutOfStock":false,"esrb":"","mediaRating":"","name":"Great Value Original Wavy Potato Chips, 13 oz","price":2.37,"preOrder":{"isPreOrder":false,"preOrderMessage":null,"preOrderStreetDateMessage":null},"priceInfo":{"itemPrice":"","linePrice":"$2.37","wasPrice":"","unitPrice":"18.2 ¢/oz","shipPrice":"","minPrice":0,"minPriceForVariant":"","subscriptionPrice":"","subscriptionString":"","priceDisplayCondition":"","finalCostByWeight":false,"submapType":""},"rating":{"averageRating":3.4,"numberOfReviews":46},"salesUnit":"EACH","variantList":[],"isVariantTypeSwatch":false,"brand":null,"manufacturerName":null,"offerId":"46ECCAC3D0324ED8A9A8607F214E5612","fitmentLabel":"","isAtfMarker":false,"sellerId":"F55CDC31AB754BB68FE0B39041159D63","sellerName":"Walmart.com","hasSellerBadge":null,"seller":{"name":"Walmart.com","sellerId":"F55CDC31AB754BB68FE0B39041159D63"},"sponsoredProduct":null,"checkStoreAvailabilityATC":false,"seeShippingEligibility":false,"rewards":null},{"__typename":"Product","availabilityStatusDisplayValue":"In stock","productLocationDisplayValue":null,"externalInfoUrl":"","canonicalUrl":"/ip/Quest-Tortilla-Style-Protein-Chips-Nacho-Cheese-1-1oz-4ct-Pack/366445938","canAddToCart":true,"showOptions":false,"showBuyNow":false,"description":"Quest Tortilla Style Protein Chips Nacho Cheese 4ct","flag":"","badge":{"text":"","id":"","type":"","key":""},"fulfillmentBadges":["1-day shipping"],"fulfillmentIcon":{"key":"SAVE_WITH_W_PLUS","label":"Save with"},"fulfillmentBadge":"Tomorrow","fulfillmentSpeed":["TOMORROW"],"fulfillmentType":"FC","groupMetaData":{"groupType":null,"groupSubType":null,"numberOfComponents":0,"groupComponents":null},"id":"69261BMX7LC2","itemType":null,"usItemId":"366445938","image":"https://i5.walmartimages.com/asr/5906b1ab-b6b8-4f6f-97b9-94eed82e1ed4.158865f4b6b80afb218e6dec2a0134a0.jpeg?odnHeight=180\u0026odnWidth=180\u0026odnBg=ffffff","isOutOfStock":false,"esrb":"","mediaRating":"","name":"Quest Tortilla Style Protein Chips, Nacho Cheese, 1.1oz - 4ct Pack","price":8.98,"preOrder":{"isPreOrder":false,"preOrderMessage":null,"preOrderStreetDateMessage":null},"priceInfo":{"itemPrice":"","linePrice":"$8.98","wasPrice":"","unitPrice":"$2.00/oz","shipPrice":"","minPrice":0,"minPriceForVariant":"","subscriptionPrice":"","subscriptionString":"","priceDisplayCondition":"","finalCostByWeight":false,"submapType":""},"rating":{"averageRating":0,"numberOfReviews":0},"salesUnit":"EACH","variantList":[],"isVariantTypeSwatch":false,"brand":null,"manufacturerName":null,"offerId":"B947FF6B39104892AE9011BBC38E9FFF","fitmentLabel":"","isAtfMarker":false,"sellerId":"F55CDC31AB754BB68FE0B39041159D63","sellerName":"Walmart.com","hasSellerBadge":null,"seller":{"name":"Walmart.com","sellerId":"F55CDC31AB754BB68FE0B39041159D63"},"sponsoredProduct":null,"checkStoreAvailabilityATC":false,"seeShippingEligibility":false,"rewards":null},{"__typename":"Product","availabilityStatusDisplayValue":"In stock","productLocationDisplayValue":null,"externalInfoUrl":"","canonicalUrl":"/ip/Great-Value-Original-Rippled-Potato-Chips-Party-Size-13-5-oz/484555703?athbdg=L1600","canAddToCart":true,"showOptions":false,"showBuyNow":false,"description":"\u003cli\u003eMade with potatoes, vegetable oil, and salt\u003c/li\u003e\u003cli\u003eGluten free\u003c/li\u003e\u003cli\u003eAbout 14 servings per bag\u003c/li\u003e","flag":"Best seller","badge":{"key":"BESTSELLER","text":"Best seller","type":"LABEL","id":"L1600"},"fulfillmentBadges":["Pickup","Delivery","1-day shipping"],"fulfillmentIcon":{"key":"SAVE_WITH_W_PLUS","label":"Save with"},"fulfillmentBadge":"Tomorrow","fulfillmentSpeed":["TOMORROW"],"fulfillmentType":"FC","groupMetaData":{"groupType":null,"groupSubType":null,"numberOfComponents":0,"groupComponents":null},"id":"30NZ0BEVU9O9","itemType":null,"usItemId":"484555703","image":"https://i5.walmartimages.com/asr/76711a9b-3b0a-4c44-a250-38ab60b3cbde_2.e4dd3c602e75e75e5ff6703ac3880ffc.jpeg?odnHeight=180\u0026odnWidth=180\u0026odnBg=ffffff","isOutOfStock":false,"esrb":"","mediaRating":"","name":"Great Value Original Rippled Potato Chips Party Size!, 13.5 oz","price":2.37,"preOrder":{"isPreOrder":false,"preOrderMessage":null,"preOrderStreetDateMessage":null},"priceInfo":{"itemPrice":"","linePrice":"$2.37","wasPrice":"","unitPrice":"17.6 ¢/oz","shipPrice":"","minPrice":0,"minPriceForVariant":"","subscriptionPrice":"","subscriptionString":"","priceDisplayCondition":"","finalCostByWeight":false,"submapType":""},"rating":{"averageRating":3.4,"numberOfReviews":66},"salesUnit":"EACH","variantList":[],"isVariantTypeSwatch":false,"brand":null,"manufacturerName":null,"offerId":"C09E815744F04F24B0D4E2EF0243B755","fitmentLabel":"","isAtfMarker":false,"sellerId":"F55CDC31AB754BB68FE0B39041159D63","sellerName":"Walmart.com","hasSellerBadge":null,"seller":{"name":"Walmart.com","sellerId":"F55CDC31AB754BB68FE0B39041159D63"},"sponsoredProduct":null,"checkStoreAvailabilityATC":false,"seeShippingEligibility":false,"rewards":null},{"__typename":"Product","availabilityStatusDisplayValue":"In stock","productLocationDisplayValue":null,"externalInfoUrl":"","canonicalUrl":"/ip/Tostitos-Scoops-Tortilla-Chips-Party-Size-14-5-oz-Bag/11027423?athbdg=L1600","canAddToCart":true,"showOptions":false,"showBuyNow":false,"description":"\u003cli\u003eScoops! are perfect for dipping\u003c/li\u003e\u003cli\u003eParty size bag is great for sharing at your next get together\u003c/li\u003e","flag":"Best seller","badge":{"key":"BESTSELLER","text":"Best seller","type":"LABEL","id":"L1600"},"fulfillmentBadges":["Pickup","Delivery","1-day shipping"],"fulfillmentIcon":{"key":"SAVE_WITH_W_PLUS","label":"Save with"},"fulfillmentBadge":"Tomorrow","fulfillmentSpeed":["TOMORROW"],"fulfillmentType":"FC","groupMetaData":{"groupType":null,"groupSubType":null,"numberOfComponents":0,"groupComponents":null},"id":"1WNDJ01XK9P9","itemType":null,"usItemId":"11027423","image":"https://i5.walmartimages.com/asr/652e1ef0-c1b2-4c66-9d7c-448d0b1af060.25c69aa11df21e07c04c0880f158c87d.jpeg?odnHeight=180\u0026odnWidth=180\u0026odnBg=ffffff","isOutOfStock":false,"esrb":"","mediaRating":"","name":"Tostitos Scoops! Tortilla Chips Party Size, 14.5 oz Bag","price":4.48,"preOrder":{"isPreOrder":false,"preOrderMessage":null,"preOrderStreetDateMessage":null},"priceInfo":{"itemPrice":"","linePrice":"$4.48","wasPrice":"","unitPrice":"30.9 ¢/oz","shipPrice":"","minPrice":0,"minPriceForVariant":"","subscriptionPrice":"","subscriptionString":"","priceDisplayCondition":"","finalCostByWeight":false,"submapType":""},"rating":{"averageRating":4.3,"numberOfReviews":1635},"salesUnit":"EACH","variantList":[],"isVariantTypeSwatch":false,"brand":null,"manufacturerName":null,"offerId":"DD71170E05574526B2CA25572518ECE6","fitmentLabel":"","isAtfMarker":true,"sellerId":"F55CDC31AB754BB68FE0B39041159D63","sellerName":"Walmart.com","hasSellerBadge":null,"seller":{"name":"Walmart.com","sellerId":"F55CDC31AB754BB68FE0B39041159D63"},"sponsoredProduct":null,"checkStoreAvailabilityATC":false,"seeShippingEligibility":false,"rewards":null},{"__typename":"Product","availabilityStatusDisplayValue":"In stock","productLocationDisplayValue":null,"externalInfoUrl":"","canonicalUrl":"/ip/Cape-Cod-Potato-Chips-Less-Fat-Original-Kettle-Chips-8-Oz/22309156","canAddToCart":false,"showOptions":true,"showBuyNow":false,"description":"","flag":"","badge":{"text":"","id":"","type":"","key":""},"fulfillmentBadges":["3+ day shipping"],"fulfillmentIcon":{"key":"SAVE_WITH_W_PLUS","label":"Save with"},"fulfillmentBadge":"","fulfillmentSpeed":[],"fulfillmentType":"FC","groupMetaData":{"groupType":null,"groupSubType":null,"numberOfComponents":0,"groupComponents":null},"id":"1DIE9UDFRDB5","itemType":null,"usItemId":"22309156","image":"https://i5.walmartimages.com/asr/6091cf7f-a029-411c-8d9a-49263f008438.fd17151f4ff180bfce0542ec9c901e05.jpeg?odnHeight=180\u0026odnWidth=180\u0026odnBg=FFFFFF","isOutOfStock":false,"esrb":"","mediaRating":"","name":"Cape Cod Potato Chips, Less Fat Original Kettle Chips, 8 Oz","price":0,"preOrder":{"isPreOrder":false,"preOrderMessage":null,"preOrderStreetDateMessage":null},"priceInfo":{"itemPrice":"","linePrice":"","wasPrice":"","unitPrice":"","shipPrice":"","minPrice":3.38,"minPriceForVariant":"From $3.38","subscriptionPrice":"","subscriptionString":"","priceDisplayCondition":"","finalCostByWeight":false,"submapType":""},"rating":{"averageRating":4.7,"numberOfReviews":419},"salesUnit":"EACH","variantList":[],"isVariantTypeSwatch":false,"brand":null,"manufacturerName":null,"offerId":"EA78765793BA4F129BF1E38736CE54B7","fitmentLabel":"","isAtfMarker":false,"sellerId":"F55CDC31AB754BB68FE0B39041159D63","sellerName":"Walmart.com","hasSellerBadge":null,"seller":{"name":"Walmart.com","sellerId":"F55CDC31AB754BB68FE0B39041159D63"},"sponsoredProduct":{"spQs":"TgC08JCIofhxr7xDvm7a0eL5IBTX-8VxI3JXDzVO6mK_dauc-jUEjOxivIWaPqmT6VCNU1tBfwDg05MI9Rxb9bM-OhD4Otwj4u66lj5RkWUYubELZNPuwFQkZkUeuq-Q5_c6dBePtg5LtyDTr5nqjF7zoSiypwJWZuvaoiBaZSI","clickBeacon":"https://wrd.walmart.com/track?rdf=0\u0026adUid=fdf4d655-7db7-4ada-bc10-c136e1d6e5e5\u0026plmt=__plmt__\u0026tax=976759_976787_1001390\u0026pltfm=desktop\u0026eventST=__eventST__\u0026pgId=976759_976787_1001390\u0026spQs=TgC08JCIofhxr7xDvm7a0eL5IBTX-8VxI3JXDzVO6mK_dauc-jUEjOxivIWaPqmT6VCNU1tBfwDg05MI9Rxb9bM-OhD4Otwj4u66lj5RkWUYubELZNPuwFQkZkUeuq-Q5_c6dBePtg5LtyDTr5nqjF7zoSiypwJWZuvaoiBaZSI\u0026storeId=3081\u0026pt=browse\u0026pos=__pos__\u0026bt=__bt__\u0026mloc=sp-browse-middle\u0026bkt=2478","spTags":null},"checkStoreAvailabilityATC":false,"seeShippingEligibility":false,"rewards":null},{"__typename":"Product","availabilityStatusDisplayValue":"In stock","productLocationDisplayValue":null,"externalInfoUrl":"","canonicalUrl":"/ip/42-ct-Utz-Variety-Snack-Pack-Box/682488016","canAddToCart":true,"showOptions":false,"showBuyNow":false,"description":"","flag":"","badge":{"text":"","id":"","type":"","key":""},"fulfillmentBadges":["1-day shipping"],"fulfillmentIcon":{"key":"SAVE_WITH_W_PLUS","label":"Save with"},"fulfillmentBadge":"","fulfillmentSpeed":[],"fulfillmentType":"FC","groupMetaData":{"groupType":null,"groupSubType":null,"numberOfComponents":0,"groupComponents":null},"id":"1OSH0FGY1KHL","itemType":null,"usItemId":"682488016","image":"https://i5.walmartimages.com/asr/c36da2d1-34ea-4d31-af36-f5199a1fe518.96e26bb59a5e348e6bea3f21dc952e9d.jpeg?odnHeight=180\u0026odnWidth=180\u0026odnBg=FFFFFF","isOutOfStock":false,"esrb":"","mediaRating":"","name":"42 ct Utz Variety Snack Pack Box","price":12.98,"preOrder":{"isPreOrder":false,"preOrderMessage":null,"preOrderStreetDateMessage":null},"priceInfo":{"itemPrice":"$14.99","linePrice":"$12.98","wasPrice":"$14.99","unitPrice":"30.9 ¢/oz","shipPrice":"","minPrice":0,"minPriceForVariant":"","subscriptionPrice":"","subscriptionString":"","priceDisplayCondition":"","finalCostByWeight":false,"submapType":""},"rating":{"averageRating":4.6,"numberOfReviews":1250},"salesUnit":"EACH","variantList":[],"isVariantTypeSwatch":false,"brand":null,"manufacturerName":null,"offerId":"371F1B646BF14AC69712EFE93BBAB4C5","fitmentLabel":"","isAtfMarker":false,"sellerId":"F55CDC31AB754BB68FE0B39041159D63","sellerName":"Walmart.com","hasSellerBadge":null,"seller":{"name":"Walmart.com","sellerId":"F55CDC31AB754BB68FE0B39041159D63"},"sponsoredProduct":{"spQs":"Hv3Fc5AgB6_eMxcGIfJqFDdN5qd6VZn_-2D3yiGlsv-61xMNBZyBb8S8NuwK9fdaskM5o5c2LLEWF6EEOwc3FUHPI8wNVQyFLQaMJ6f6FbDGCNRjneReT0NPwkKsYpT99eV9tJw6YXBsddxXLMfbg0oiuGhPhhXCVhAT7YCumeU","clickBeacon":"https://wrd.walmart.com/track?rdf=0\u0026adUid=fdf4d655-7db7-4ada-bc10-c136e1d6e5e5\u0026plmt=__plmt__\u0026tax=976759_976787_1001390\u0026pltfm=desktop\u0026eventST=__eventST__\u0026pgId=976759_976787_1001390\u0026spQs=Hv3Fc5AgB6_eMxcGIfJqFDdN5qd6VZn_-2D3yiGlsv-61xMNBZyBb8S8NuwK9fdaskM5o5c2LLEWF6EEOwc3FUHPI8wNVQyFLQaMJ6f6FbDGCNRjneReT0NPwkKsYpT99eV9tJw6YXBsddxXLMfbg0oiuGhPhhXCVhAT7YCumeU\u0026storeId=3081\u0026pt=browse\u0026pos=__pos__\u0026bt=__bt__\u0026mloc=sp-browse-middle\u0026bkt=2478","spTags":null},"checkStoreAvailabilityATC":false,"seeShippingEligibility":false,"rewards":null},{"__typename":"Product","availabilityStatusDisplayValue":"In stock","productLocationDisplayValue":null,"externalInfoUrl":"","canonicalUrl":"/ip/Fritos-Original-Corn-Chips-9-25-oz/17056788?athbdg=L1300","canAddToCart":true,"showOptions":false,"showBuyNow":false,"description":"\u003cli\u003eTrusted Fritos taste you know and love\u003c/li\u003e\u003cli\u003eFritos tasty corn chips are a delicious lunch or dinner snack\u003c/li\u003e\u003cli\u003eGluten free\u003c/li\u003e","flag":"Rollback","badge":{"key":"ROLLBACK","text":"Rollback","type":"LABEL","id":"L1300"},"fulfillmentBadges":["Pickup","Delivery","1-day shipping"],"fulfillmentIcon":{"key":"SAVE_WITH_W_PLUS","label":"Save with"},"fulfillmentBadge":"Tomorrow","fulfillmentSpeed":["TOMORROW"],"fulfillmentType":"FC","groupMetaData":{"groupType":null,"groupSubType":null,"numberOfComponents":0,"groupComponents":null},"id":"3BCI3ZA5JW6G","itemType":null,"usItemId":"17056788","image":"https://i5.walmartimages.com/asr/10d34172-a7dc-4339-9093-0622bf9c7a46.4db12b4bd8590213e9f3ed12291ca584.jpeg?odnHeight=180\u0026odnWidth=180\u0026odnBg=ffffff","isOutOfStock":false,"esrb":"","mediaRating":"","name":"Fritos Original Corn Chips, 9.25 oz","price":3,"preOrder":{"isPreOrder":false,"preOrderMessage":null,"preOrderStreetDateMessage":null},"priceInfo":{"itemPrice":"$3.48","linePrice":"$3.00","wasPrice":"$3.48","unitPrice":"32.4 ¢/oz","shipPrice":"","minPrice":0,"minPriceForVariant":"","subscriptionPrice":"","subscriptionString":"","priceDisplayCondition":"","finalCostByWeight":false,"submapType":""},"rating":{"averageRating":3.3,"numberOfReviews":116},"salesUnit":"EACH","variantList":[],"isVariantTypeSwatch":false,"brand":null,"manufacturerName":null,"offerId":"7D7DC6BEDDB3469396D983BDFFB60F6F","fitmentLabel":"","isAtfMarker":false,"sellerId":"F55CDC31AB754BB68FE0B39041159D63","sellerName":"Walmart.com","hasSellerBadge":null,"seller":{"name":"Walmart.com","sellerId":"F55CDC31AB754BB68FE0B39041159D63"},"sponsoredProduct":null,"checkStoreAvailabilityATC":false,"seeShippingEligibility":false,"rewards":null},{"__typename":"Product","availabilityStatusDisplayValue":"In stock","productLocationDisplayValue":null,"externalInfoUrl":"","canonicalUrl":"/ip/Frito-Lay-Flavor-Mix-Snacks-Variety-Pack-18-Count-Assortment-May-Vary/491303556?athbdg=L1200","canAddToCart":true,"showOptions":false,"showBuyNow":false,"description":"\u003cli\u003eDelicious snacks your whole family will enjoy\u003c/li\u003e\u003cli\u003eIndividually packaged for easy on-the-go and flavor-filled snacking\u003c/li\u003e\u003cli\u003eGreat for packing in school or work lunches\u003c/li\u003e","flag":"Popular pick","badge":{"key":"CUSTOMER_PICK","text":"Popular pick","type":"LABEL","id":"L1200"},"fulfillmentBadges":["3+ day shipping"],"fulfillmentBadge":"","fulfillmentSpeed":[],"fulfillmentType":"MARKETPLACE","groupMetaData":{"groupType":null,"groupSubType":null,"numberOfComponents":0,"groupComponents":null},"id":"0XEH4HPY7Q31","itemType":null,"usItemId":"491303556","image":"https://i5.walmartimages.com/asr/f00aee3f-ccd6-431b-872c-349343432723.e6bcbf717ebbe509d2bd551339982ed7.jpeg?odnHeight=180\u0026odnWidth=180\u0026odnBg=ffffff","isOutOfStock":false,"esrb":"","mediaRating":"","name":"Frito-Lay Flavor Mix Snacks Variety Pack, 18 Count (Assortment May Vary)","price":24.99,"preOrder":{"isPreOrder":false,"preOrderMessage":null,"preOrderStreetDateMessage":null},"priceInfo":{"itemPrice":"","linePrice":"$24.99","wasPrice":"","unitPrice":"","shipPrice":"","minPrice":0,"minPriceForVariant":"","subscriptionPrice":"","subscriptionString":"","priceDisplayCondition":"","finalCostByWeight":false,"submapType":""},"rating":{"averageRating":4.4,"numberOfReviews":761},"salesUnit":"EACH","variantList":[],"isVariantTypeSwatch":false,"brand":null,"manufacturerName":null,"offerId":"B664F2CDD7E54BCDA6A85141CB3FD3E4","fitmentLabel":"","isAtfMarker":false,"sellerId":"9B15DEF332624B89B26CB7C19E90F611","sellerName":"OneStopShop","hasSellerBadge":null,"seller":{"name":"OneStopShop","sellerId":"9B15DEF332624B89B26CB7C19E90F611"},"sponsoredProduct":null,"checkStoreAvailabilityATC":false,"seeShippingEligibility":false,"rewards":null},{"__typename":"Product","availabilityStatusDisplayValue":"In stock","productLocationDisplayValue":null,"externalInfoUrl":"","canonicalUrl":"/ip/Santitas-Tortilla-Chips-11-Oz/22309171?athbdg=L1600","canAddToCart":true,"showOptions":false,"showBuyNow":false,"description":"\u003cli\u003e11.0-ounce bag\u003c/li\u003e\u003cli\u003eWhite corn tortilla chips\u003c/li\u003e\u003cli\u003eIdeal size for parties\u003c/li\u003e\u003cli\u003eGreat in recipes\u003c/li\u003e\u003cli\u003ePerfect for dipping\u003c/li\u003e\u003cli\u003eHigh-quality, stone ground corn\u003c/li\u003e","flag":"Best seller","badge":{"key":"BESTSELLER","text":"Best seller","type":"LABEL","id":"L1600"},"fulfillmentBadges":["Pickup","Delivery","1-day shipping"],"fulfillmentIcon":{"key":"SAVE_WITH_W_PLUS","label":"Save with"},"fulfillmentBadge":"Tomorrow","fulfillmentSpeed":["TOMORROW"],"fulfillmentType":"FC","groupMetaData":{"groupType":null,"groupSubType":null,"numberOfComponents":0,"groupComponents":null},"id":"6WQ42FAVUASO","itemType":null,"usItemId":"22309171","image":"https://i5.walmartimages.com/asr/1b0a1112-01c3-47a3-a944-f5dea4f010f4.26990480e1a6bc58eb484d51edfa79b7.jpeg?odnHeight=180\u0026odnWidth=180\u0026odnBg=ffffff","isOutOfStock":false,"esrb":"","mediaRating":"","name":"Santitas Tortilla Chips, 11 Oz.","price":2.28,"preOrder":{"isPreOrder":false,"preOrderMessage":null,"preOrderStreetDateMessage":null},"priceInfo":{"itemPrice":"","linePrice":"$2.28","wasPrice":"","unitPrice":"20.7 ¢/oz","shipPrice":"","minPrice":0,"minPriceForVariant":"","subscriptionPrice":"","subscriptionString":"","priceDisplayCondition":"","finalCostByWeight":false,"submapType":""},"rating":{"averageRating":4.5,"numberOfReviews":591},"salesUnit":"EACH","variantList":[],"isVariantTypeSwatch":false,"brand":null,"manufacturerName":null,"offerId":"6E9CEF4B27C9454285B3AC22971367A6","fitmentLabel":"","isAtfMarker":false,"sellerId":"F55CDC31AB754BB68FE0B39041159D63","sellerName":"Walmart.com","hasSellerBadge":null,"seller":{"name":"Walmart.com","sellerId":"F55CDC31AB754BB68FE0B39041159D63"},"sponsoredProduct":null,"checkStoreAvailabilityATC":false,"seeShippingEligibility":false,"rewards":null},{"__typename":"Product","availabilityStatusDisplayValue":"In stock","productLocationDisplayValue":null,"externalInfoUrl":"","canonicalUrl":"/ip/Chesters-Flamin-Hot-Fries-Snacks-5-25-Oz/728242741?athbdg=L1600","canAddToCart":true,"showOptions":false,"showBuyNow":false,"description":"Chesters Hot Fries Value Line 5.25oz","flag":"Best seller","badge":{"key":"BESTSELLER","text":"Best seller","type":"LABEL","id":"L1600"},"fulfillmentBadges":["1-day shipping"],"fulfillmentIcon":{"key":"SAVE_WITH_W_PLUS","label":"Save with"},"fulfillmentBadge":"Tomorrow","fulfillmentSpeed":["TOMORROW"],"fulfillmentType":"FC","groupMetaData":{"groupType":null,"groupSubType":null,"numberOfComponents":0,"groupComponents":null},"id":"2ZF94NS68DPI","itemType":null,"usItemId":"728242741","image":"https://i5.walmartimages.com/asr/6b40efdf-c843-4a6f-a5c4-b4d7310e7076_1.5f7256273cdfc840d53cc4d0e5029b44.jpeg?odnHeight=180\u0026odnWidth=180\u0026odnBg=ffffff","isOutOfStock":false,"esrb":"","mediaRating":"","name":"Chesters Flamin' Hot Fries Snacks, 5.25 Oz.","price":2.28,"preOrder":{"isPreOrder":false,"preOrderMessage":null,"preOrderStreetDateMessage":null},"priceInfo":{"itemPrice":"","linePrice":"$2.28","wasPrice":"","unitPrice":"43.4 ¢/oz","shipPrice":"","minPrice":0,"minPriceForVariant":"","subscriptionPrice":"","subscriptionString":"","priceDisplayCondition":"","finalCostByWeight":false,"submapType":""},"rating":{"averageRating":4.6,"numberOfReviews":631},"salesUnit":"EACH","variantList":[],"isVariantTypeSwatch":false,"brand":null,"manufacturerName":null,"offerId":"9C20B2D1D7BD40EE8AA7FC02EA027F39","fitmentLabel":"","isAtfMarker":false,"sellerId":"F55CDC31AB754BB68FE0B39041159D63","sellerName":"Walmart.com","hasSellerBadge":null,"seller":{"name":"Walmart.com","sellerId":"F55CDC31AB754BB68FE0B39041159D63"},"sponsoredProduct":null,"checkStoreAvailabilityATC":false,"seeShippingEligibility":false,"rewards":null},{"__typename":"Product","availabilityStatusDisplayValue":"In stock","productLocationDisplayValue":null,"externalInfoUrl":"","canonicalUrl":"/ip/Fritos-Scoops-Original-Corn-Chips-9-25-Oz/49909692?athbdg=L1300","canAddToCart":true,"showOptions":false,"showBuyNow":false,"description":"\u003cli\u003eThe shape of this snack is ideal for pairing with a Frito-Lay dip\u003c/li\u003e\u003cli\u003eShare these chips with your friends and family\u003c/li\u003e","flag":"Rollback","badge":{"key":"ROLLBACK","text":"Rollback","type":"LABEL","id":"L1300"},"fulfillmentBadges":["Pickup","Delivery","2-day shipping"],"fulfillmentIcon":{"key":"SAVE_WITH_W_PLUS","label":"Save with"},"fulfillmentBadge":"2 days","fulfillmentSpeed":["2 days"],"fulfillmentType":"FC","groupMetaData":{"groupType":null,"groupSubType":null,"numberOfComponents":0,"groupComponents":null},"id":"2MIF95NC50TK","itemType":null,"usItemId":"49909692","image":"https://i5.walmartimages.com/asr/4f29717a-59ce-4775-a294-54f3fcfa12cc.f38a6542d67e476626668398a681a231.jpeg?odnHeight=180\u0026odnWidth=180\u0026odnBg=ffffff","isOutOfStock":false,"esrb":"","mediaRating":"","name":"Fritos Scoops! Original Corn Chips, 9.25 Oz.","price":3,"preOrder":{"isPreOrder":false,"preOrderMessage":null,"preOrderStreetDateMessage":null},"priceInfo":{"itemPrice":"$3.48","linePrice":"$3.00","wasPrice":"$3.48","unitPrice":"32.4 ¢/oz","shipPrice":"","minPrice":0,"minPriceForVariant":"","subscriptionPrice":"","subscriptionString":"","priceDisplayCondition":"","finalCostByWeight":false,"submapType":""},"rating":{"averageRating":4.4,"numberOfReviews":496},"salesUnit":"EACH","variantList":[],"isVariantTypeSwatch":false,"brand":null,"manufacturerName":null,"offerId":"CB1D2A06A3E5422A834F7EBB86E3A36F","fitmentLabel":"","isAtfMarker":false,"sellerId":"F55CDC31AB754BB68FE0B39041159D63","sellerName":"Walmart.com","hasSellerBadge":null,"seller":{"name":"Walmart.com","sellerId":"F55CDC31AB754BB68FE0B39041159D63"},"sponsoredProduct":null,"checkStoreAvailabilityATC":false,"seeShippingEligibility":false,"rewards":null},{"__typename":"Product","availabilityStatusDisplayValue":"In stock","productLocationDisplayValue":null,"externalInfoUrl":"","canonicalUrl":"/ip/Ruffles-Potato-Chips-Original-8-5-Oz/336304484?athbdg=L1600","canAddToCart":true,"showOptions":false,"showBuyNow":false,"description":"\u003cli\u003eThe salted classic. A thicker, sturdier potato chip with Ruffles trademarked ridges.\u003c/li\u003e\u003cli\u003eThe thick ridges of Ruffles Potato Chips help hold more great potato chip flavor and stand up to the\u003c/li\u003e","flag":"Best seller","badge":{"key":"BESTSELLER","text":"Best seller","type":"LABEL","id":"L1600"},"fulfillmentBadges":["Pickup","Delivery","1-day shipping"],"fulfillmentIcon":{"key":"SAVE_WITH_W_PLUS","label":"Save with"},"fulfillmentBadge":"Tomorrow","fulfillmentSpeed":["TOMORROW"],"fulfillmentType":"FC","groupMetaData":{"groupType":null,"groupSubType":null,"numberOfComponents":0,"groupComponents":null},"id":"1TM1KT0DH441","itemType":null,"usItemId":"336304484","image":"https://i5.walmartimages.com/asr/03925443-e67e-444b-a332-c92e472aa217.f21b416f216a885661af1376b9cc48c2.jpeg?odnHeight=180\u0026odnWidth=180\u0026odnBg=ffffff","isOutOfStock":false,"esrb":"","mediaRating":"","name":"Ruffles Potato Chips Original 8.5 Oz","price":3,"preOrder":{"isPreOrder":false,"preOrderMessage":null,"preOrderStreetDateMessage":null},"priceInfo":{"itemPrice":"","linePrice":"$3.00","wasPrice":"","unitPrice":"35.3 ¢/oz","shipPrice":"","minPrice":0,"minPriceForVariant":"","subscriptionPrice":"","subscriptionString":"","priceDisplayCondition":"","finalCostByWeight":false,"submapType":""},"rating":{"averageRating":3.7,"numberOfReviews":53},"salesUnit":"EACH","variantList":[],"isVariantTypeSwatch":false,"brand":null,"manufacturerName":null,"offerId":"48ECE23F6A4A4D4D87DA3DF55983B8FF","fitmentLabel":"","isAtfMarker":false,"sellerId":"F55CDC31AB754BB68FE0B39041159D63","sellerName":"Walmart.com","hasSellerBadge":null,"seller":{"name":"Walmart.com","sellerId":"F55CDC31AB754BB68FE0B39041159D63"},"sponsoredProduct":null,"checkStoreAvailabilityATC":false,"seeShippingEligibility":false,"rewards":null},{"__typename":"Product","availabilityStatusDisplayValue":"In stock","productLocationDisplayValue":null,"externalInfoUrl":"","canonicalUrl":"/ip/Funyuns-Onion-Flavored-Rings-6-oz-Bag/36915849?athbdg=L1600","canAddToCart":true,"showOptions":false,"showBuyNow":false,"description":"\u003cli\u003e6 oz. bag\u003c/li\u003e\u003cli\u003eCrunchy texture\u003c/li\u003e\u003cli\u003eOnion-flavored rings\u003c/li\u003e\u003cli\u003eFun and tasty snack\u003c/li\u003e\u003cli\u003eGreat for sharing\u003c/li\u003e","flag":"Best seller","badge":{"key":"BESTSELLER","text":"Best seller","type":"LABEL","id":"L1600"},"fulfillmentBadges":["Pickup","Delivery"],"fulfillmentIcon":{"key":"SAVE_WITH_W_PLUS","label":"Save with"},"fulfillmentBadge":"","fulfillmentSpeed":[],"fulfillmentType":"STORE","groupMetaData":{"groupType":null,"groupSubType":null,"numberOfComponents":0,"groupComponents":null},"id":"3ID2WSWFWTDT","itemType":null,"usItemId":"36915849","image":"https://i5.walmartimages.com/asr/49f618c4-3d32-49cf-a7d9-e0a31350abcd.5f151cfb530de0c8db672a43b23f4744.jpeg?odnHeight=180\u0026odnWidth=180\u0026odnBg=ffffff","isOutOfStock":false,"esrb":"","mediaRating":"","name":"Funyuns Onion Flavored Rings, 6 oz Bag","price":4.28,"preOrder":{"isPreOrder":false,"preOrderMessage":null,"preOrderStreetDateMessage":null},"priceInfo":{"itemPrice":"","linePrice":"$4.28","wasPrice":"","unitPrice":"71.3 ¢/oz","shipPrice":"","minPrice":0,"minPriceForVariant":"","subscriptionPrice":"","subscriptionString":"","priceDisplayCondition":"","finalCostByWeight":false,"submapType":""},"rating":{"averageRating":4.4,"numberOfReviews":740},"salesUnit":"EACH","variantList":[],"isVariantTypeSwatch":false,"brand":null,"manufacturerName":null,"offerId":"4E68F07FFF4442CDA5B659C5D3EC818D","fitmentLabel":"","isAtfMarker":false,"sellerId":"F55CDC31AB754BB68FE0B39041159D63","sellerName":"Walmart.com","hasSellerBadge":null,"seller":{"name":"Walmart.com","sellerId":"F55CDC31AB754BB68FE0B39041159D63"},"sponsoredProduct":null,"checkStoreAvailabilityATC":false,"seeShippingEligibility":false,"rewards":null},{"__typename":"Product","availabilityStatusDisplayValue":"In stock","productLocationDisplayValue":null,"externalInfoUrl":"","canonicalUrl":"/ip/Cheetos-Puff-Cheese-Flavored-Snack-8-oz/36915845?athbdg=L1600","canAddToCart":true,"showOptions":false,"showBuyNow":false,"description":"\u003cli\u003eCheesy puffs snack perfect for sharing with your friends\u003c/li\u003e\u003cli\u003eShare the bag with friends to bring the fun to a party\u003c/li\u003e","flag":"Best seller","badge":{"key":"BESTSELLER","text":"Best seller","type":"LABEL","id":"L1600"},"fulfillmentBadges":["Pickup","Delivery","1-day shipping"],"fulfillmentIcon":{"key":"SAVE_WITH_W_PLUS","label":"Save with"},"fulfillmentBadge":"Tomorrow","fulfillmentSpeed":["TOMORROW"],"fulfillmentType":"FC","groupMetaData":{"groupType":null,"groupSubType":null,"numberOfComponents":0,"groupComponents":null},"id":"1Y7FMLU33A8O","itemType":null,"usItemId":"36915845","image":"https://i5.walmartimages.com/asr/04473502-0397-47b2-8106-64bcd3dea272.dbe6970630307c1f3d6a4f80f07ec393.jpeg?odnHeight=180\u0026odnWidth=180\u0026odnBg=ffffff","isOutOfStock":false,"esrb":"","mediaRating":"","name":"Cheetos Puff Cheese Flavored Snack, 8 oz","price":3.48,"preOrder":{"isPreOrder":false,"preOrderMessage":null,"preOrderStreetDateMessage":null},"priceInfo":{"itemPrice":"","linePrice":"$3.48","wasPrice":"","unitPrice":"43.5 ¢/oz","shipPrice":"","minPrice":0,"minPriceForVariant":"","subscriptionPrice":"","subscriptionString":"","priceDisplayCondition":"","finalCostByWeight":false,"submapType":""},"rating":{"averageRating":4.8,"numberOfReviews":722},"salesUnit":"EACH","variantList":[],"isVariantTypeSwatch":false,"brand":null,"manufacturerName":null,"offerId":"B898A848A2434DE9A9EC2E728446CEB1","fitmentLabel":"","isAtfMarker":false,"sellerId":"F55CDC31AB754BB68FE0B39041159D63","sellerName":"Walmart.com","hasSellerBadge":null,"seller":{"name":"Walmart.com","sellerId":"F55CDC31AB754BB68FE0B39041159D63"},"sponsoredProduct":null,"checkStoreAvailabilityATC":false,"seeShippingEligibility":false,"rewards":null},{"__typename":"Product","availabilityStatusDisplayValue":"In stock","productLocationDisplayValue":null,"externalInfoUrl":"","canonicalUrl":"/ip/Quaker-Rice-Cakes-Whole-Grain-Chocolate-7-23-Oz/13448658?athbdg=L1600","canAddToCart":true,"showOptions":false,"showBuyNow":false,"description":"","flag":"Best seller","badge":{"key":"BESTSELLER","text":"Best seller","type":"LABEL","id":"L1600"},"fulfillmentBadges":["Pickup","Delivery","1-day shipping"],"fulfillmentIcon":{"key":"SAVE_WITH_W_PLUS","label":"Save with"},"fulfillmentBadge":"","fulfillmentSpeed":[],"fulfillmentType":"FC","groupMetaData":{"groupType":null,"groupSubType":null,"numberOfComponents":0,"groupComponents":null},"id":"33CYX1R8KNTK","itemType":null,"usItemId":"13448658","image":"https://i5.walmartimages.com/asr/6600400c-bb4d-4cfb-b792-ce32faaeaec2_2.e450f0a19cf71d6a4a5edf8b4489584e.jpeg?odnHeight=180\u0026odnWidth=180\u0026odnBg=FFFFFF","isOutOfStock":false,"esrb":"","mediaRating":"","name":"Quaker Rice Cakes, Whole Grain Chocolate, 7.23 Oz.","price":3,"preOrder":{"isPreOrder":false,"preOrderMessage":null,"preOrderStreetDateMessage":null},"priceInfo":{"itemPrice":"","linePrice":"$3.00","wasPrice":"","unitPrice":"41.5 ¢/oz","shipPrice":"","minPrice":0,"minPriceForVariant":"","subscriptionPrice":"","subscriptionString":"","priceDisplayCondition":"","finalCostByWeight":false,"submapType":""},"rating":{"averageRating":4.6,"numberOfReviews":659},"salesUnit":"EACH","variantList":[],"isVariantTypeSwatch":false,"brand":null,"manufacturerName":null,"offerId":"9CE059C546AF4E4E8793881325C56036","fitmentLabel":"","isAtfMarker":false,"sellerId":"F55CDC31AB754BB68FE0B39041159D63","sellerName":"Walmart.com","hasSellerBadge":null,"seller":{"name":"Walmart.com","sellerId":"F55CDC31AB754BB68FE0B39041159D63"},"sponsoredProduct":{"spQs":"60-h2d0ckwvMWizthEXpTlpBzYlGJAF13vTWAYfTooe9_8F_b0Qj2GNKrGnsLHGVb5Na9UVzaMpxwBw8HGUp4MCx28ZJUJZaxCAhBaRqfzejtlezpoKDiJWlgQWc7vwcGBYEBZZL3x9jyJk70QuTRm92q288dDL1fZtqu9PIArg","clickBeacon":"https://wrd.walmart.com/track?rdf=0\u0026adUid=fdf4d655-7db7-4ada-bc10-c136e1d6e5e5\u0026plmt=__plmt__\u0026tax=976759_976787_1001390\u0026pltfm=desktop\u0026eventST=__eventST__\u0026pgId=976759_976787_1001390\u0026spQs=60-h2d0ckwvMWizthEXpTlpBzYlGJAF13vTWAYfTooe9_8F_b0Qj2GNKrGnsLHGVb5Na9UVzaMpxwBw8HGUp4MCx28ZJUJZaxCAhBaRqfzejtlezpoKDiJWlgQWc7vwcGBYEBZZL3x9jyJk70QuTRm92q288dDL1fZtqu9PIArg\u0026storeId=3081\u0026pt=browse\u0026pos=__pos__\u0026bt=__bt__\u0026mloc=sp-browse-middle\u0026bkt=2478","spTags":null},"checkStoreAvailabilityATC":false,"seeShippingEligibility":false,"rewards":null},{"__typename":"Product","availabilityStatusDisplayValue":"In stock","productLocationDisplayValue":null,"externalInfoUrl":"","canonicalUrl":"/ip/Quaker-Rice-Cakes-Apple-Cinnamon-6-53-Oz/36929091","canAddToCart":true,"showOptions":false,"showBuyNow":false,"description":"","flag":"","badge":{"text":"","id":"","type":"","key":""},"fulfillmentBadges":["Pickup","Delivery","1-day shipping"],"fulfillmentIcon":{"key":"SAVE_WITH_W_PLUS","label":"Save with"},"fulfillmentBadge":"","fulfillmentSpeed":[],"fulfillmentType":"FC","groupMetaData":{"groupType":null,"groupSubType":null,"numberOfComponents":0,"groupComponents":null},"id":"6NG0MDFJYBVP","itemType":null,"usItemId":"36929091","image":"https://i5.walmartimages.com/asr/e74d0390-400d-4fd8-9f4b-078d80131a31_1.c46cd0292c9ee794f44db46a58301018.jpeg?odnHeight=180\u0026odnWidth=180\u0026odnBg=FFFFFF","isOutOfStock":false,"esrb":"","mediaRating":"","name":"Quaker Rice Cakes, Apple Cinnamon, 6.53 Oz","price":3,"preOrder":{"isPreOrder":false,"preOrderMessage":null,"preOrderStreetDateMessage":null},"priceInfo":{"itemPrice":"","linePrice":"$3.00","wasPrice":"","unitPrice":"45.9 ¢/oz","shipPrice":"","minPrice":0,"minPriceForVariant":"","subscriptionPrice":"","subscriptionString":"","priceDisplayCondition":"","finalCostByWeight":false,"submapType":""},"rating":{"averageRating":4.7,"numberOfReviews":322},"salesUnit":"EACH","variantList":[],"isVariantTypeSwatch":false,"brand":null,"manufacturerName":null,"offerId":"43C5720091A441C58C5C94DE3F3980E7","fitmentLabel":"","isAtfMarker":false,"sellerId":"F55CDC31AB754BB68FE0B39041159D63","sellerName":"Walmart.com","hasSellerBadge":null,"seller":{"name":"Walmart.com","sellerId":"F55CDC31AB754BB68FE0B39041159D63"},"sponsoredProduct":{"spQs":"AS4Tq8aDCicqS4EDUUfsBlpBzYlGJAF13vTWAYfTooe9_8F_b0Qj2GNKrGnsLHGVb5Na9UVzaMpxwBw8HGUp4MCx28ZJUJZaxCAhBaRqfzePgi07UZUnYL3G6KgKz_shvxXJpvoNt2boaL0oKGSGCG92q288dDL1fZtqu9PIArg","clickBeacon":"https://wrd.walmart.com/track?rdf=0\u0026adUid=fdf4d655-7db7-4ada-bc10-c136e1d6e5e5\u0026plmt=__plmt__\u0026tax=976759_976787_1001390\u0026pltfm=desktop\u0026eventST=__eventST__\u0026pgId=976759_976787_1001390\u0026spQs=AS4Tq8aDCicqS4EDUUfsBlpBzYlGJAF13vTWAYfTooe9_8F_b0Qj2GNKrGnsLHGVb5Na9UVzaMpxwBw8HGUp4MCx28ZJUJZaxCAhBaRqfzePgi07UZUnYL3G6KgKz_shvxXJpvoNt2boaL0oKGSGCG92q288dDL1fZtqu9PIArg\u0026storeId=3081\u0026pt=browse\u0026pos=__pos__\u0026bt=__bt__\u0026mloc=sp-browse-middle\u0026bkt=2478","spTags":null},"checkStoreAvailabilityATC":false,"seeShippingEligibility":false,"rewards":null},{"__typename":"Product","availabilityStatusDisplayValue":"In stock","productLocationDisplayValue":null,"externalInfoUrl":"","canonicalUrl":"/ip/Great-Value-Restaurant-Style-White-Corn-Tortilla-Chips-13-oz/12335104","canAddToCart":true,"showOptions":false,"showBuyNow":false,"description":"\u003cli\u003eSweet, crunchy tortilla chips\u003c/li\u003e\u003cli\u003ePerfect partner for hummus, spinach dip, French onion dip, guacamole, and salsa\u003c/li\u003e\u003cli\u003eRestaurant style\u003c/li\u003e","flag":"","badge":{"text":"","id":"","type":"","key":""},"fulfillmentBadges":["Pickup","Delivery","1-day shipping"],"fulfillmentIcon":{"key":"SAVE_WITH_W_PLUS","label":"Save with"},"fulfillmentBadge":"Tomorrow","fulfillmentSpeed":["TOMORROW"],"fulfillmentType":"FC","groupMetaData":{"groupType":null,"groupSubType":null,"numberOfComponents":0,"groupComponents":null},"id":"6GK4M33UDT48","itemType":null,"usItemId":"12335104","image":"https://i5.walmartimages.com/asr/33b5b638-bd70-49d8-a125-516773c0b68e_2.65b4972866e57a41cc8b79f42b5a5102.jpeg?odnHeight=180\u0026odnWidth=180\u0026odnBg=ffffff","isOutOfStock":false,"esrb":"","mediaRating":"","name":"Great Value Restaurant Style White Corn Tortilla Chips, 13 oz","price":1.74,"preOrder":{"isPreOrder":false,"preOrderMessage":null,"preOrderStreetDateMessage":null},"priceInfo":{"itemPrice":"","linePrice":"$1.74","wasPrice":"","unitPrice":"13.4 ¢/oz","shipPrice":"","minPrice":0,"minPriceForVariant":"","subscriptionPrice":"","subscriptionString":"","priceDisplayCondition":"","finalCostByWeight":false,"submapType":""},"rating":{"averageRating":4.2,"numberOfReviews":521},"salesUnit":"EACH","variantList":[],"isVariantTypeSwatch":false,"brand":null,"manufacturerName":null,"offerId":"29E9522FDE0340B5B145CF726348F1D3","fitmentLabel":"","isAtfMarker":false,"sellerId":"F55CDC31AB754BB68FE0B39041159D63","sellerName":"Walmart.com","hasSellerBadge":null,"seller":{"name":"Walmart.com","sellerId":"F55CDC31AB754BB68FE0B39041159D63"},"sponsoredProduct":null,"checkStoreAvailabilityATC":false,"seeShippingEligibility":false,"rewards":null},{"__typename":"Product","availabilityStatusDisplayValue":"In stock","productLocationDisplayValue":null,"externalInfoUrl":"","canonicalUrl":"/ip/Pringles-Potato-Crisps-Chips-Lunch-Snacks-On-The-Go-Snacks-Sour-Cream-and-Onion-5-5-Oz-Can/108065286?athbdg=L1600","canAddToCart":true,"showOptions":false,"showBuyNow":false,"description":"\u003cli\u003eIncludes 1, 5.5-ounce can of ready to eat potato crisps\u003c/li\u003e","flag":"Best seller","badge":{"key":"BESTSELLER","text":"Best seller","type":"LABEL","id":"L1600"},"fulfillmentBadges":["Pickup","Delivery"],"fulfillmentIcon":{"key":"SAVE_WITH_W_PLUS","label":"Save with"},"fulfillmentBadge":"","fulfillmentSpeed":[],"fulfillmentType":"STORE","groupMetaData":{"groupType":null,"groupSubType":null,"numberOfComponents":0,"groupComponents":null},"id":"1BR8WA64LMQI","itemType":null,"usItemId":"108065286","image":"https://i5.walmartimages.com/asr/0080a304-703e-445d-9fd0-d3ec23ae4665.3f2af747cf6b3a709f64bbfb50471084.jpeg?odnHeight=180\u0026odnWidth=180\u0026odnBg=ffffff","isOutOfStock":false,"esrb":"","mediaRating":"","name":"Pringles Potato Crisps Chips, Lunch Snacks, On The Go Snacks, Sour Cream and Onion, 5.5 Oz, Can","price":1.78,"preOrder":{"isPreOrder":false,"preOrderMessage":null,"preOrderStreetDateMessage":null},"priceInfo":{"itemPrice":"","linePrice":"$1.78","wasPrice":"","unitPrice":"32.4 ¢/oz","shipPrice":"","minPrice":0,"minPriceForVariant":"","subscriptionPrice":"","subscriptionString":"","priceDisplayCondition":"","finalCostByWeight":false,"submapType":""},"rating":{"averageRating":4.3,"numberOfReviews":1261},"salesUnit":"EACH","variantList":[],"isVariantTypeSwatch":false,"brand":null,"manufacturerName":null,"offerId":"2A0AD36E09884FE2B9B4C605B32FAEE9","fitmentLabel":"","isAtfMarker":false,"sellerId":"F55CDC31AB754BB68FE0B39041159D63","sellerName":"Walmart.com","hasSellerBadge":null,"seller":{"name":"Walmart.com","sellerId":"F55CDC31AB754BB68FE0B39041159D63"},"sponsoredProduct":null,"checkStoreAvailabilityATC":false,"seeShippingEligibility":false,"rewards":null},{"__typename":"Product","availabilityStatusDisplayValue":"In stock","productLocationDisplayValue":null,"externalInfoUrl":"","canonicalUrl":"/ip/Smartfood-White-Cheddar-Popcorn-6-75-oz-Bag/171369548","canAddToCart":true,"showOptions":false,"showBuyNow":false,"description":"\u003cli\u003eNo artificial color or flavors\u003c/li\u003e\u003cli\u003eNo artificial preservatives\u003c/li\u003e\u003cli\u003eGluten free\u003c/li\u003e\u003cli\u003eDelicious white cheddar cheese flavor\u003c/li\u003e\u003cli\u003eLarge bag is perfect for sharing\u003c/li\u003e","flag":"","badge":{"text":"","id":"","type":"","key":""},"fulfillmentBadges":["Pickup","Delivery","2-day shipping"],"fulfillmentIcon":{"key":"SAVE_WITH_W_PLUS","label":"Save with"},"fulfillmentBadge":"2 days","fulfillmentSpeed":["2 days"],"fulfillmentType":"FC","groupMetaData":{"groupType":null,"groupSubType":null,"numberOfComponents":0,"groupComponents":null},"id":"1YB6ZOH33B2B","itemType":null,"usItemId":"171369548","image":"https://i5.walmartimages.com/asr/994bc3b2-b818-45a6-935a-11c3e5664868.b08c2f8be8b5bd73ec493fad5e613fdf.jpeg?odnHeight=180\u0026odnWidth=180\u0026odnBg=ffffff","isOutOfStock":false,"esrb":"","mediaRating":"","name":"Smartfood White Cheddar Popcorn, 6.75 oz Bag","price":3.28,"preOrder":{"isPreOrder":false,"preOrderMessage":null,"preOrderStreetDateMessage":null},"priceInfo":{"itemPrice":"","linePrice":"$3.28","wasPrice":"","unitPrice":"48.6 ¢/oz","shipPrice":"","minPrice":0,"minPriceForVariant":"","subscriptionPrice":"","subscriptionString":"","priceDisplayCondition":"","finalCostByWeight":false,"submapType":""},"rating":{"averageRating":4.4,"numberOfReviews":108},"salesUnit":"EACH","variantList":[],"isVariantTypeSwatch":false,"brand":null,"manufacturerName":null,"offerId":"A7DDD3FA933B4D218DD690C41E5CC9F8","fitmentLabel":"","isAtfMarker":false,"sellerId":"F55CDC31AB754BB68FE0B39041159D63","sellerName":"Walmart.com","hasSellerBadge":null,"seller":{"name":"Walmart.com","sellerId":"F55CDC31AB754BB68FE0B39041159D63"},"sponsoredProduct":null,"checkStoreAvailabilityATC":false,"seeShippingEligibility":false,"rewards":null},{"__typename":"Product","availabilityStatusDisplayValue":"In stock","productLocationDisplayValue":null,"externalInfoUrl":"","canonicalUrl":"/ip/Tostitos-Bite-Size-Tortilla-Round-Chips-12-oz/971901439?athbdg=L1600","canAddToCart":true,"showOptions":false,"showBuyNow":false,"description":"\u003cli\u003ePerfect for dipping\u003c/li\u003e\u003cli\u003eNo artificial flavors or preservatives\u003c/li\u003e\u003cli\u003eLarge bag is great for sharing\u003c/li\u003e","flag":"Best seller","badge":{"key":"BESTSELLER","text":"Best seller","type":"LABEL","id":"L1600"},"fulfillmentBadges":["Pickup","Delivery","1-day shipping"],"fulfillmentIcon":{"key":"SAVE_WITH_W_PLUS","label":"Save with"},"fulfillmentBadge":"Tomorrow","fulfillmentSpeed":["TOMORROW"],"fulfillmentType":"FC","groupMetaData":{"groupType":null,"groupSubType":null,"numberOfComponents":0,"groupComponents":null},"id":"43PT0BD3F2ZK","itemType":null,"usItemId":"971901439","image":"https://i5.walmartimages.com/asr/95ff5426-f2b7-4dbd-8f19-6431012ee3f0.0c43ef1ae7ad75278cc273bdd3e8606d.jpeg?odnHeight=180\u0026odnWidth=180\u0026odnBg=ffffff","isOutOfStock":false,"esrb":"","mediaRating":"","name":"Tostitos Bite Size Tortilla Round Chips, 12 oz","price":3.48,"preOrder":{"isPreOrder":false,"preOrderMessage":null,"preOrderStreetDateMessage":null},"priceInfo":{"itemPrice":"","linePrice":"$3.48","wasPrice":"","unitPrice":"29.0 ¢/oz","shipPrice":"","minPrice":0,"minPriceForVariant":"","subscriptionPrice":"","subscriptionString":"","priceDisplayCondition":"","finalCostByWeight":false,"submapType":""},"rating":{"averageRating":4,"numberOfReviews":37},"salesUnit":"EACH","variantList":[],"isVariantTypeSwatch":false,"brand":null,"manufacturerName":null,"offerId":"E0B4B1F6BAB54C32B722AD09A7DE3B09","fitmentLabel":"","isAtfMarker":false,"sellerId":"F55CDC31AB754BB68FE0B39041159D63","sellerName":"Walmart.com","hasSellerBadge":null,"seller":{"name":"Walmart.com","sellerId":"F55CDC31AB754BB68FE0B39041159D63"},"sponsoredProduct":null,"checkStoreAvailabilityATC":false,"seeShippingEligibility":false,"rewards":null},{"__typename":"Product","availabilityStatusDisplayValue":"In stock","productLocationDisplayValue":null,"externalInfoUrl":"","canonicalUrl":"/ip/Ruffles-Potato-Chips-Cheddar-Sour-Cream-Flavored-12-5-Oz/411914231","canAddToCart":true,"showOptions":false,"showBuyNow":false,"description":"\u003cli\u003eA blend of rich, velvety cheddar with smooth, creamy sour cream flavor.\u003c/li\u003e\u003cli\u003eThe thick ridges of Ruffles Potato Chips help hold more great potato chip flavor and stand up to the thickest dips\u003c/li\u003e","flag":"","badge":{"text":"","id":"","type":"","key":""},"fulfillmentBadges":["Pickup","Delivery","1-day shipping"],"fulfillmentIcon":{"key":"SAVE_WITH_W_PLUS","label":"Save with"},"fulfillmentBadge":"Tomorrow","fulfillmentSpeed":["TOMORROW"],"fulfillmentType":"FC","groupMetaData":{"groupType":null,"groupSubType":null,"numberOfComponents":0,"groupComponents":null},"id":"362KL5Q6ZQK5","itemType":null,"usItemId":"411914231","image":"https://i5.walmartimages.com/asr/a20bde21-cafa-45bb-8d99-4dfbd1fb456c.e6e863612e609cf701751259f37ff4de.jpeg?odnHeight=180\u0026odnWidth=180\u0026odnBg=ffffff","isOutOfStock":false,"esrb":"","mediaRating":"","name":"Ruffles Potato Chips Cheddar \u0026 Sour Cream Flavored 12.5 Oz","price":4.48,"preOrder":{"isPreOrder":false,"preOrderMessage":null,"preOrderStreetDateMessage":null},"priceInfo":{"itemPrice":"","linePrice":"$4.48","wasPrice":"","unitPrice":"35.8 ¢/oz","shipPrice":"","minPrice":0,"minPriceForVariant":"","subscriptionPrice":"","subscriptionString":"","priceDisplayCondition":"","finalCostByWeight":false,"submapType":""},"rating":{"averageRating":4.1,"numberOfReviews":108},"salesUnit":"EACH","variantList":[],"isVariantTypeSwatch":false,"brand":null,"manufacturerName":null,"offerId":"8B89E41AEA764133AD8A04614DC5EA4C","fitmentLabel":"","isAtfMarker":false,"sellerId":"F55CDC31AB754BB68FE0B39041159D63","sellerName":"Walmart.com","hasSellerBadge":null,"seller":{"name":"Walmart.com","sellerId":"F55CDC31AB754BB68FE0B39041159D63"},"sponsoredProduct":null,"checkStoreAvailabilityATC":false,"seeShippingEligibility":false,"rewards":null},{"__typename":"Product","availabilityStatusDisplayValue":"In stock","productLocationDisplayValue":null,"externalInfoUrl":"","canonicalUrl":"/ip/Great-Value-Cheddar-Sour-Cream-Rippled-Potato-Chips-8-oz/830675549","canAddToCart":true,"showOptions":false,"showBuyNow":false,"description":"\u003cli\u003e8 oz bag\u003c/li\u003e\u003cli\u003eCheddar and sour cream flavored rippled potato chips\u003c/li\u003e\u003cli\u003ePerfect for barbecues and tailgates\u003c/li\u003e","flag":"","badge":{"text":"","id":"","type":"","key":""},"fulfillmentBadges":["Pickup","Delivery","1-day shipping"],"fulfillmentIcon":{"key":"SAVE_WITH_W_PLUS","label":"Save with"},"fulfillmentBadge":"Tomorrow","fulfillmentSpeed":["TOMORROW"],"fulfillmentType":"FC","groupMetaData":{"groupType":null,"groupSubType":null,"numberOfComponents":0,"groupComponents":null},"id":"4DEWG9H3EMP1","itemType":null,"usItemId":"830675549","image":"https://i5.walmartimages.com/asr/5e54eb4e-3b85-4513-8e03-d4f4399f5ffc_3.015082310017bfaacaaf555a1e39fc7e.jpeg?odnHeight=180\u0026odnWidth=180\u0026odnBg=ffffff","isOutOfStock":false,"esrb":"","mediaRating":"","name":"Great Value Cheddar \u0026 Sour Cream Rippled Potato Chips, 8 oz","price":1.54,"preOrder":{"isPreOrder":false,"preOrderMessage":null,"preOrderStreetDateMessage":null},"priceInfo":{"itemPrice":"","linePrice":"$1.54","wasPrice":"","unitPrice":"19.3 ¢/oz","shipPrice":"","minPrice":0,"minPriceForVariant":"","subscriptionPrice":"","subscriptionString":"","priceDisplayCondition":"","finalCostByWeight":false,"submapType":""},"rating":{"averageRating":3.8,"numberOfReviews":32},"salesUnit":"EACH","variantList":[],"isVariantTypeSwatch":false,"brand":null,"manufacturerName":null,"offerId":"1AD7670198344734890E448C8E9175CA","fitmentLabel":"","isAtfMarker":false,"sellerId":"F55CDC31AB754BB68FE0B39041159D63","sellerName":"Walmart.com","hasSellerBadge":null,"seller":{"name":"Walmart.com","sellerId":"F55CDC31AB754BB68FE0B39041159D63"},"sponsoredProduct":null,"checkStoreAvailabilityATC":false,"seeShippingEligibility":false,"rewards":null},{"__typename":"Product","availabilityStatusDisplayValue":"In stock","productLocationDisplayValue":null,"externalInfoUrl":"","canonicalUrl":"/ip/Ruffles-Original-Potato-Chips-Party-Size-13-oz/910985070?athbdg=L1600","canAddToCart":true,"showOptions":false,"showBuyNow":false,"description":"\u003cli\u003eOriginal flavor\u003c/li\u003e\u003cli\u003eThe thick ridges of Ruffles Potato Chips help hold more great potato chip flavor and stand up to the thickest dips\u003c/li\u003e\u003cli\u003eParty size bag is perfect for sharing\u003c/li\u003e","flag":"Best seller","badge":{"key":"BESTSELLER","text":"Best seller","type":"LABEL","id":"L1600"},"fulfillmentBadges":["Pickup","Delivery","1-day shipping"],"fulfillmentIcon":{"key":"SAVE_WITH_W_PLUS","label":"Save with"},"fulfillmentBadge":"Tomorrow","fulfillmentSpeed":["TOMORROW"],"fulfillmentType":"FC","groupMetaData":{"groupType":null,"groupSubType":null,"numberOfComponents":0,"groupComponents":null},"id":"3LD0EFWV48WW","itemType":null,"usItemId":"910985070","image":"https://i5.walmartimages.com/asr/ca2f87e4-e7af-4caf-87d9-93ddcc5cfb29.7a2a872b8b0a64647c53e6a6375cc935.jpeg?odnHeight=180\u0026odnWidth=180\u0026odnBg=ffffff","isOutOfStock":false,"esrb":"","mediaRating":"","name":"Ruffles Original Potato Chips Party Size, 13 oz","price":4.48,"preOrder":{"isPreOrder":false,"preOrderMessage":null,"preOrderStreetDateMessage":null},"priceInfo":{"itemPrice":"","linePrice":"$4.48","wasPrice":"","unitPrice":"34.5 ¢/oz","shipPrice":"","minPrice":0,"minPriceForVariant":"","subscriptionPrice":"","subscriptionString":"","priceDisplayCondition":"","finalCostByWeight":false,"submapType":""},"rating":{"averageRating":4.1,"numberOfReviews":179},"salesUnit":"EACH","variantList":[],"isVariantTypeSwatch":false,"brand":null,"manufacturerName":null,"offerId":"2981FAF216F2427F9F509675FA4C14EE","fitmentLabel":"","isAtfMarker":false,"sellerId":"F55CDC31AB754BB68FE0B39041159D63","sellerName":"Walmart.com","hasSellerBadge":null,"seller":{"name":"Walmart.com","sellerId":"F55CDC31AB754BB68FE0B39041159D63"},"sponsoredProduct":null,"checkStoreAvailabilityATC":false,"seeShippingEligibility":false,"rewards":null},{"__typename":"Product","availabilityStatusDisplayValue":"In stock","productLocationDisplayValue":null,"externalInfoUrl":"","canonicalUrl":"/ip/Great-Value-Barbecue-Flavored-Potato-Chips-7-75-oz/807151368","canAddToCart":true,"showOptions":false,"showBuyNow":false,"description":"\u003cli\u003eBarbecue flavored potato chips\u003c/li\u003e\u003cli\u003e7.75 oz bag\u003c/li\u003e\u003cli\u003eSeasoned with garlic, paprika, and natural smoke flavor\u003c/li\u003e","flag":"","badge":{"text":"","id":"","type":"","key":""},"fulfillmentBadges":["Pickup","Delivery","1-day shipping"],"fulfillmentIcon":{"key":"SAVE_WITH_W_PLUS","label":"Save with"},"fulfillmentBadge":"Tomorrow","fulfillmentSpeed":["TOMORROW"],"fulfillmentType":"FC","groupMetaData":{"groupType":null,"groupSubType":null,"numberOfComponents":0,"groupComponents":null},"id":"2545W2M8NVJJ","itemType":null,"usItemId":"807151368","image":"https://i5.walmartimages.com/asr/fd90dd8d-8c3b-4925-814e-277be43164dd_1.c2ab90ec2bf35c705080bcb7bc4c7874.jpeg?odnHeight=180\u0026odnWidth=180\u0026odnBg=ffffff","isOutOfStock":false,"esrb":"","mediaRating":"","name":"Great Value Barbecue Flavored Potato Chips, 7.75 oz","price":1.54,"preOrder":{"isPreOrder":false,"preOrderMessage":null,"preOrderStreetDateMessage":null},"priceInfo":{"itemPrice":"","linePrice":"$1.54","wasPrice":"","unitPrice":"19.9 ¢/oz","shipPrice":"","minPrice":0,"minPriceForVariant":"","subscriptionPrice":"","subscriptionString":"","priceDisplayCondition":"","finalCostByWeight":false,"submapType":""},"rating":{"averageRating":4,"numberOfReviews":35},"salesUnit":"EACH","variantList":[],"isVariantTypeSwatch":false,"brand":null,"manufacturerName":null,"offerId":"EABAA15DD51048BCA6734D169BB5499B","fitmentLabel":"","isAtfMarker":false,"sellerId":"F55CDC31AB754BB68FE0B39041159D63","sellerName":"Walmart.com","hasSellerBadge":null,"seller":{"name":"Walmart.com","sellerId":"F55CDC31AB754BB68FE0B39041159D63"},"sponsoredProduct":null,"checkStoreAvailabilityATC":false,"seeShippingEligibility":false,"rewards":null},{"__typename":"Product","availabilityStatusDisplayValue":"In stock","productLocationDisplayValue":null,"externalInfoUrl":"","canonicalUrl":"/ip/Bugles-Crispy-Corn-Snacks-Original-Flavor-Family-Size-Snack-Bag-14-5-oz/15580719","canAddToCart":true,"showOptions":false,"showBuyNow":false,"description":"","flag":"","badge":{"text":"","id":"","type":"","key":""},"fulfillmentBadges":["Pickup","Delivery","1-day shipping"],"fulfillmentIcon":{"key":"SAVE_WITH_W_PLUS","label":"Save with"},"fulfillmentBadge":"","fulfillmentSpeed":[],"fulfillmentType":"FC","groupMetaData":{"groupType":null,"groupSubType":null,"numberOfComponents":0,"groupComponents":null},"id":"5MZ5JGPEUT6P","itemType":null,"usItemId":"15580719","image":"https://i5.walmartimages.com/asr/cd5f2fdb-476d-4646-97f2-22dcea2e2ea4.a1644c078f0936eaba8898b4b98af6f0.jpeg?odnHeight=180\u0026odnWidth=180\u0026odnBg=FFFFFF","isOutOfStock":false,"esrb":"","mediaRating":"","name":"Bugles Crispy Corn Snacks, Original Flavor, Family Size Snack Bag, 14.5 oz","price":3.53,"preOrder":{"isPreOrder":false,"preOrderMessage":null,"preOrderStreetDateMessage":null},"priceInfo":{"itemPrice":"","linePrice":"$3.53","wasPrice":"","unitPrice":"24.3 ¢/oz","shipPrice":"","minPrice":0,"minPriceForVariant":"","subscriptionPrice":"","subscriptionString":"","priceDisplayCondition":"","finalCostByWeight":false,"submapType":""},"rating":{"averageRating":4.5,"numberOfReviews":467},"salesUnit":"EACH","variantList":[],"isVariantTypeSwatch":false,"brand":null,"manufacturerName":null,"offerId":"3155BB30D5724335B02626EA17D43839","fitmentLabel":"","isAtfMarker":false,"sellerId":"F55CDC31AB754BB68FE0B39041159D63","sellerName":"Walmart.com","hasSellerBadge":null,"seller":{"name":"Walmart.com","sellerId":"F55CDC31AB754BB68FE0B39041159D63"},"sponsoredProduct":{"spQs":"9ZIncgWlj4GxdNFu-lsb378W0IFT28S_DT56n1Ge8Pzl7Vdo4qqaTD81C-0k7T7ygqLR-bmYYmq-408r2QAn1bNuDOrss0fw3i-MZ2e-gsxjLGOZ8k74fvX0mpZM4QDQeujW58COsnbl1mU3gnRsPgAYqRqVAbHc_1zjb693JrE","clickBeacon":"https://wrd.walmart.com/track?rdf=0\u0026adUid=fdf4d655-7db7-4ada-bc10-c136e1d6e5e5\u0026plmt=__plmt__\u0026tax=976759_976787_1001390\u0026pltfm=desktop\u0026eventST=__eventST__\u0026pgId=976759_976787_1001390\u0026spQs=9ZIncgWlj4GxdNFu-lsb378W0IFT28S_DT56n1Ge8Pzl7Vdo4qqaTD81C-0k7T7ygqLR-bmYYmq-408r2QAn1bNuDOrss0fw3i-MZ2e-gsxjLGOZ8k74fvX0mpZM4QDQeujW58COsnbl1mU3gnRsPgAYqRqVAbHc_1zjb693JrE\u0026storeId=3081\u0026pt=browse\u0026pos=__pos__\u0026bt=__bt__\u0026mloc=sp-browse-middle\u0026bkt=2478","spTags":null},"checkStoreAvailabilityATC":false,"seeShippingEligibility":false,"rewards":null},{"__typename":"Product","availabilityStatusDisplayValue":"In stock","productLocationDisplayValue":null,"externalInfoUrl":"","canonicalUrl":"/ip/Quest-Tortilla-Style-Protein-Chips-Ranch-Single/301035241?athbdg=L1600","canAddToCart":true,"showOptions":false,"showBuyNow":false,"description":"","flag":"Best seller","badge":{"key":"BESTSELLER","text":"Best seller","type":"LABEL","id":"L1600"},"fulfillmentBadges":["Pickup","Delivery","2-day shipping"],"fulfillmentIcon":{"key":"SAVE_WITH_W_PLUS","label":"Save with"},"fulfillmentBadge":"","fulfillmentSpeed":[],"fulfillmentType":"FC","groupMetaData":{"groupType":null,"groupSubType":null,"numberOfComponents":0,"groupComponents":null},"id":"2KX8SJD4XZRX","itemType":null,"usItemId":"301035241","image":"https://i5.walmartimages.com/asr/804c15cf-aeff-4143-a6de-da7f839404a5.30821818caf552f00bf93dde5f3c92dc.png?odnHeight=180\u0026odnWidth=180\u0026odnBg=FFFFFF","isOutOfStock":false,"esrb":"","mediaRating":"","name":"Quest Tortilla Style Protein Chips Ranch, Single","price":2.48,"preOrder":{"isPreOrder":false,"preOrderMessage":null,"preOrderStreetDateMessage":null},"priceInfo":{"itemPrice":"","linePrice":"$2.48","wasPrice":"","unitPrice":"","shipPrice":"","minPrice":0,"minPriceForVariant":"","subscriptionPrice":"","subscriptionString":"","priceDisplayCondition":"","finalCostByWeight":false,"submapType":""},"rating":{"averageRating":4.7,"numberOfReviews":420},"salesUnit":"EACH","variantList":[],"isVariantTypeSwatch":false,"brand":null,"manufacturerName":null,"offerId":"550F0C90B21146ABB21276E4C974026B","fitmentLabel":"","isAtfMarker":false,"sellerId":"F55CDC31AB754BB68FE0B39041159D63","sellerName":"Walmart.com","hasSellerBadge":null,"seller":{"name":"Walmart.com","sellerId":"F55CDC31AB754BB68FE0B39041159D63"},"sponsoredProduct":{"spQs":"S_ZbuteTxrdUhA8vnKxtBACwOEXO3oOg00jYAu9nmlos3LEKgTlkVWnk8jqIi3dEOGXS7Kub28DCsNvinHlSnjb3Y7a49ng-GkLi3TXlx-Do8qKnICnBCcC4Fh9W36Vru9erJyW-77wY-XPeuqxPL17zoSiypwJWZuvaoiBaZSI","clickBeacon":"https://wrd.walmart.com/track?rdf=0\u0026adUid=fdf4d655-7db7-4ada-bc10-c136e1d6e5e5\u0026plmt=__plmt__\u0026tax=976759_976787_1001390\u0026pltfm=desktop\u0026eventST=__eventST__\u0026pgId=976759_976787_1001390\u0026spQs=S_ZbuteTxrdUhA8vnKxtBACwOEXO3oOg00jYAu9nmlos3LEKgTlkVWnk8jqIi3dEOGXS7Kub28DCsNvinHlSnjb3Y7a49ng-GkLi3TXlx-Do8qKnICnBCcC4Fh9W36Vru9erJyW-77wY-XPeuqxPL17zoSiypwJWZuvaoiBaZSI\u0026storeId=3081\u0026pt=browse\u0026pos=__pos__\u0026bt=__bt__\u0026mloc=sp-browse-middle\u0026bkt=2478","spTags":null},"checkStoreAvailabilityATC":false,"seeShippingEligibility":false,"rewards":null},{"__typename":"Product","availabilityStatusDisplayValue":"In stock","productLocationDisplayValue":null,"externalInfoUrl":"","canonicalUrl":"/ip/Juanitas-Gluten-Free-Tortilla-Chips-15-Oz/16627439","canAddToCart":true,"showOptions":false,"showBuyNow":false,"description":"\u003cli\u003eMade with the finest ingredients\u003c/li\u003e\u003cli\u003eGluten free\u003c/li\u003e","flag":"","badge":{"text":"","id":"","type":"","key":""},"fulfillmentBadges":["2-day shipping"],"fulfillmentIcon":{"key":"SAVE_WITH_W_PLUS","label":"Save with"},"fulfillmentBadge":"2 days","fulfillmentSpeed":["2 days"],"fulfillmentType":"FC","groupMetaData":{"groupType":null,"groupSubType":null,"numberOfComponents":0,"groupComponents":null},"id":"5XHTSBHRHXER","itemType":null,"usItemId":"16627439","image":"https://i5.walmartimages.com/asr/f4ee504d-f817-4d31-8927-67d821fecdc2_1.5f6e10838f289aede6301ff402dfd068.jpeg?odnHeight=180\u0026odnWidth=180\u0026odnBg=ffffff","isOutOfStock":false,"esrb":"","mediaRating":"","name":"Juanitas Gluten-Free Tortilla Chips 15 Oz.","price":3.49,"preOrder":{"isPreOrder":false,"preOrderMessage":null,"preOrderStreetDateMessage":null},"priceInfo":{"itemPrice":"","linePrice":"$3.49","wasPrice":"","unitPrice":"23.3 ¢/oz","shipPrice":"","minPrice":0,"minPriceForVariant":"","subscriptionPrice":"","subscriptionString":"","priceDisplayCondition":"","finalCostByWeight":false,"submapType":""},"rating":{"averageRating":4.9,"numberOfReviews":36},"salesUnit":"EACH","variantList":[],"isVariantTypeSwatch":false,"brand":null,"manufacturerName":null,"offerId":"AF05FE633A67403C810105269307CFE0","fitmentLabel":"","isAtfMarker":false,"sellerId":"F55CDC31AB754BB68FE0B39041159D63","sellerName":"Walmart.com","hasSellerBadge":null,"seller":{"name":"Walmart.com","sellerId":"F55CDC31AB754BB68FE0B39041159D63"},"sponsoredProduct":null,"checkStoreAvailabilityATC":false,"seeShippingEligibility":false,"rewards":null},{"__typename":"Product","availabilityStatusDisplayValue":"In stock","productLocationDisplayValue":null,"externalInfoUrl":"","canonicalUrl":"/ip/Lay-s-Classic-Potato-Chips-8-oz-Bag/33282303","canAddToCart":true,"showOptions":false,"showBuyNow":false,"description":"\u003cli\u003eMade with 3 ingredients: potatoes, oil and salt\u003c/li\u003e\u003cli\u003eLarge bag is perfect for sharing\u003c/li\u003e\u003cli\u003eA tasty snack for the whole family to enjoy\u003c/li\u003e\u003cli\u003ePackaging may vary\u003c/li\u003e","flag":"","badge":{"text":"","id":"","type":"","key":""},"fulfillmentBadges":["Pickup","Delivery"],"fulfillmentIcon":{"key":"SAVE_WITH_W_PLUS","label":"Save with"},"fulfillmentBadge":"","fulfillmentSpeed":[],"fulfillmentType":"STORE","groupMetaData":{"groupType":null,"groupSubType":null,"numberOfComponents":0,"groupComponents":null},"id":"1U9IMYYMRH65","itemType":null,"usItemId":"33282303","image":"https://i5.walmartimages.com/asr/dccc33c3-c164-47de-b64c-bba21422ed39.950163afc5eba63e66eb67a67a215949.jpeg?odnHeight=180\u0026odnWidth=180\u0026odnBg=ffffff","isOutOfStock":false,"esrb":"","mediaRating":"","name":"Lay's Classic Potato Chips, 8 oz Bag","price":2.98,"preOrder":{"isPreOrder":false,"preOrderMessage":null,"preOrderStreetDateMessage":null},"priceInfo":{"itemPrice":"","linePrice":"$2.98","wasPrice":"","unitPrice":"37.3 ¢/oz","shipPrice":"","minPrice":0,"minPriceForVariant":"","subscriptionPrice":"","subscriptionString":"","priceDisplayCondition":"","finalCostByWeight":false,"submapType":""},"rating":{"averageRating":4.5,"numberOfReviews":1184},"salesUnit":"EACH","variantList":[],"isVariantTypeSwatch":false,"brand":null,"manufacturerName":null,"offerId":"62D56D88692E404098227E89A7893ECF","fitmentLabel":"","isAtfMarker":false,"sellerId":"F55CDC31AB754BB68FE0B39041159D63","sellerName":"Walmart.com","hasSellerBadge":null,"seller":{"name":"Walmart.com","sellerId":"F55CDC31AB754BB68FE0B39041159D63"},"sponsoredProduct":null,"checkStoreAvailabilityATC":false,"seeShippingEligibility":false,"rewards":null},{"__typename":"Product","availabilityStatusDisplayValue":"In stock","productLocationDisplayValue":null,"externalInfoUrl":"","canonicalUrl":"/ip/Doritos-Spicy-Sweet-Chili-Flavored-Tortilla-Chips-9-25-oz-Bag/255598317","canAddToCart":true,"showOptions":false,"showBuyNow":false,"description":"\u003cli\u003eSpicy Sweet Chili flavor\u003c/li\u003e\u003cli\u003eFlavor on Another Level\u003c/li\u003e\u003cli\u003eLarge bag is perfect for sharing\u003c/li\u003e","flag":"","badge":{"text":"","id":"","type":"","key":""},"fulfillmentBadges":["Pickup","Delivery","1-day shipping"],"fulfillmentIcon":{"key":"SAVE_WITH_W_PLUS","label":"Save with"},"fulfillmentBadge":"Tomorrow","fulfillmentSpeed":["TOMORROW"],"fulfillmentType":"FC","groupMetaData":{"groupType":null,"groupSubType":null,"numberOfComponents":0,"groupComponents":null},"id":"1PIPN02OMZ7S","itemType":null,"usItemId":"255598317","image":"https://i5.walmartimages.com/asr/728c32a6-1fd4-4e0e-8d57-3a0ad4b087bf.214993b6336787ba915a818ab9436f26.jpeg?odnHeight=180\u0026odnWidth=180\u0026odnBg=ffffff","isOutOfStock":false,"esrb":"","mediaRating":"","name":"Doritos Spicy Sweet Chili Flavored Tortilla Chips, 9.25 oz Bag","price":3.48,"preOrder":{"isPreOrder":false,"preOrderMessage":null,"preOrderStreetDateMessage":null},"priceInfo":{"itemPrice":"","linePrice":"$3.48","wasPrice":"","unitPrice":"37.6 ¢/oz","shipPrice":"","minPrice":0,"minPriceForVariant":"","subscriptionPrice":"","subscriptionString":"","priceDisplayCondition":"","finalCostByWeight":false,"submapType":""},"rating":{"averageRating":3.5,"numberOfReviews":89},"salesUnit":"EACH","variantList":[],"isVariantTypeSwatch":false,"brand":null,"manufacturerName":null,"offerId":"DBE1AEB852F8416B9A483291D8BE8AD0","fitmentLabel":"","isAtfMarker":false,"sellerId":"F55CDC31AB754BB68FE0B39041159D63","sellerName":"Walmart.com","hasSellerBadge":null,"seller":{"name":"Walmart.com","sellerId":"F55CDC31AB754BB68FE0B39041159D63"},"sponsoredProduct":null,"checkStoreAvailabilityATC":false,"seeShippingEligibility":false,"rewards":null},{"__typename":"Product","availabilityStatusDisplayValue":"In stock","productLocationDisplayValue":null,"externalInfoUrl":"","canonicalUrl":"/ip/Fritos-Chili-Cheese-Corn-Chips-9-25-Oz/49909662?athbdg=L1300","canAddToCart":true,"showOptions":false,"showBuyNow":false,"description":"\u003cli\u003eMore flavor to your corn chips with chili cheese deliciousness\u003c/li\u003e\u003cli\u003eShare a bag with friends, family, and coworkers\u003c/li\u003e","flag":"Rollback","badge":{"key":"ROLLBACK","text":"Rollback","type":"LABEL","id":"L1300"},"fulfillmentBadges":["Pickup","Delivery","1-day shipping"],"fulfillmentIcon":{"key":"SAVE_WITH_W_PLUS","label":"Save with"},"fulfillmentBadge":"Tomorrow","fulfillmentSpeed":["TOMORROW"],"fulfillmentType":"FC","groupMetaData":{"groupType":null,"groupSubType":null,"numberOfComponents":0,"groupComponents":null},"id":"2DFNB5GMWA0N","itemType":null,"usItemId":"49909662","image":"https://i5.walmartimages.com/asr/03664882-5f74-4adb-9938-c661bb4ab792_1.d8f81350cc6f9c66af60d60d01b83f39.jpeg?odnHeight=180\u0026odnWidth=180\u0026odnBg=ffffff","isOutOfStock":false,"esrb":"","mediaRating":"","name":"Fritos Chili Cheese Corn Chips, 9.25 Oz.","price":3,"preOrder":{"isPreOrder":false,"preOrderMessage":null,"preOrderStreetDateMessage":null},"priceInfo":{"itemPrice":"$3.48","linePrice":"$3.00","wasPrice":"$3.48","unitPrice":"32.4 ¢/oz","shipPrice":"","minPrice":0,"minPriceForVariant":"","subscriptionPrice":"","subscriptionString":"","priceDisplayCondition":"","finalCostByWeight":false,"submapType":""},"rating":{"averageRating":4.6,"numberOfReviews":403},"salesUnit":"EACH","variantList":[],"isVariantTypeSwatch":false,"brand":null,"manufacturerName":null,"offerId":"73F2DF6208304ADDAC0697830C7D0235","fitmentLabel":"","isAtfMarker":false,"sellerId":"F55CDC31AB754BB68FE0B39041159D63","sellerName":"Walmart.com","hasSellerBadge":null,"seller":{"name":"Walmart.com","sellerId":"F55CDC31AB754BB68FE0B39041159D63"},"sponsoredProduct":null,"checkStoreAvailabilityATC":false,"seeShippingEligibility":false,"rewards":null},{"__typename":"Product","availabilityStatusDisplayValue":"In stock","productLocationDisplayValue":null,"externalInfoUrl":"","canonicalUrl":"/ip/Frito-Lay-Classic-Mix-Snacks-Variety-Pack-18-Count-Assortment-May-Vary/535982445","canAddToCart":true,"showOptions":false,"showBuyNow":false,"description":"\u003cli\u003eMix refresh!\u003c/li\u003e\u003cli\u003eIndividually wrapped, perfect for packing lunches\u003c/li\u003e","flag":"","badge":{"text":"","id":"","type":"","key":""},"fulfillmentBadges":["3+ day shipping"],"fulfillmentBadge":"","fulfillmentSpeed":[],"fulfillmentType":"MARKETPLACE","groupMetaData":{"groupType":null,"groupSubType":null,"numberOfComponents":0,"groupComponents":null},"id":"350UZWE91DCJ","itemType":null,"usItemId":"535982445","image":"https://i5.walmartimages.com/asr/417a922d-ccd9-4028-9252-fcb5fccd4dc3.f010ca5d09e2b3d4963d345f8ae6d4a5.jpeg?odnHeight=180\u0026odnWidth=180\u0026odnBg=ffffff","isOutOfStock":false,"esrb":"","mediaRating":"","name":"Frito-Lay Classic Mix Snacks Variety Pack, 18 Count (Assortment May Vary)","price":24.99,"preOrder":{"isPreOrder":false,"preOrderMessage":null,"preOrderStreetDateMessage":null},"priceInfo":{"itemPrice":"","linePrice":"$24.99","wasPrice":"","unitPrice":"","shipPrice":"","minPrice":0,"minPriceForVariant":"","subscriptionPrice":"","subscriptionString":"","priceDisplayCondition":"","finalCostByWeight":false,"submapType":""},"rating":{"averageRating":4.5,"numberOfReviews":736},"salesUnit":"EACH","variantList":[],"isVariantTypeSwatch":false,"brand":null,"manufacturerName":null,"offerId":"A61336627DAE4E98BB679B7330735B0B","fitmentLabel":"","isAtfMarker":false,"sellerId":"9B15DEF332624B89B26CB7C19E90F611","sellerName":"OneStopShop","hasSellerBadge":null,"seller":{"name":"OneStopShop","sellerId":"9B15DEF332624B89B26CB7C19E90F611"},"sponsoredProduct":null,"checkStoreAvailabilityATC":false,"seeShippingEligibility":false,"rewards":null},{"__typename":"Product","availabilityStatusDisplayValue":"In stock","productLocationDisplayValue":null,"externalInfoUrl":"","canonicalUrl":"/ip/Cheetos-Crunchy-Flamin-Hot-Cheese-Flavored-Snacks-8-5-oz-Bag/49909689","canAddToCart":true,"showOptions":false,"showBuyNow":false,"description":"\u003cli\u003eMade with real cheese\u003c/li\u003e\u003cli\u003eLarge bag is perfect for sharing\u003c/li\u003e\u003cli\u003eDelicious flamin hot flavor\u003c/li\u003e","flag":"","badge":{"text":"","id":"","type":"","key":""},"fulfillmentBadges":["Pickup","Delivery","1-day shipping"],"fulfillmentIcon":{"key":"SAVE_WITH_W_PLUS","label":"Save with"},"fulfillmentBadge":"Tomorrow","fulfillmentSpeed":["TOMORROW"],"fulfillmentType":"FC","groupMetaData":{"groupType":null,"groupSubType":null,"numberOfComponents":0,"groupComponents":null},"id":"5N8XX3L02IX1","itemType":null,"usItemId":"49909689","image":"https://i5.walmartimages.com/asr/e90988c3-5fdf-406d-821d-f5d58c6e4fdb.4a88e175da2a1564833ff5c46df039e3.jpeg?odnHeight=180\u0026odnWidth=180\u0026odnBg=ffffff","isOutOfStock":false,"esrb":"","mediaRating":"","name":"Cheetos Crunchy Flamin' Hot Cheese Flavored Snacks, 8.5 oz Bag","price":3.48,"preOrder":{"isPreOrder":false,"preOrderMessage":null,"preOrderStreetDateMessage":null},"priceInfo":{"itemPrice":"","linePrice":"$3.48","wasPrice":"","unitPrice":"40.9 ¢/oz","shipPrice":"","minPrice":0,"minPriceForVariant":"","subscriptionPrice":"","subscriptionString":"","priceDisplayCondition":"","finalCostByWeight":false,"submapType":""},"rating":{"averageRating":4.7,"numberOfReviews":393},"salesUnit":"EACH","variantList":[],"isVariantTypeSwatch":false,"brand":null,"manufacturerName":null,"offerId":"522446421181476C8A5D74220B582A30","fitmentLabel":"","isAtfMarker":false,"sellerId":"F55CDC31AB754BB68FE0B39041159D63","sellerName":"Walmart.com","hasSellerBadge":null,"seller":{"name":"Walmart.com","sellerId":"F55CDC31AB754BB68FE0B39041159D63"},"sponsoredProduct":null,"checkStoreAvailabilityATC":false,"seeShippingEligibility":false,"rewards":null},{"__typename":"Product","availabilityStatusDisplayValue":"In stock","productLocationDisplayValue":null,"externalInfoUrl":"","canonicalUrl":"/ip/ROLD-GOLD-Tiny-Pretzel-Twists-16-Oz/10900063?athbdg=L1600","canAddToCart":true,"showOptions":false,"showBuyNow":false,"description":"\u003cli\u003e16 oz. bag\u003c/li\u003e\u003cli\u003eGreat for sharing\u003c/li\u003e\u003cli\u003eBaked, not fried\u003c/li\u003e\u003cli\u003eBite-sized pieces\u003c/li\u003e\u003cli\u003eAuthentic Rold Gold pretzel taste\u003c/li\u003e","flag":"Best seller","badge":{"key":"BESTSELLER","text":"Best seller","type":"LABEL","id":"L1600"},"fulfillmentBadges":["Pickup","Delivery","1-day shipping"],"fulfillmentIcon":{"key":"SAVE_WITH_W_PLUS","label":"Save with"},"fulfillmentBadge":"Tomorrow","fulfillmentSpeed":["TOMORROW"],"fulfillmentType":"FC","groupMetaData":{"groupType":null,"groupSubType":null,"numberOfComponents":0,"groupComponents":null},"id":"5BGL4T67T1TG","itemType":null,"usItemId":"10900063","image":"https://i5.walmartimages.com/asr/ed2332de-9a18-4ffa-8721-54f74071ed52_1.66eb06234341220ce87321a9acf41603.jpeg?odnHeight=180\u0026odnWidth=180\u0026odnBg=ffffff","isOutOfStock":false,"esrb":"","mediaRating":"","name":"ROLD GOLD Tiny Pretzel Twists, 16 Oz","price":2.98,"preOrder":{"isPreOrder":false,"preOrderMessage":null,"preOrderStreetDateMessage":null},"priceInfo":{"itemPrice":"","linePrice":"$2.98","wasPrice":"","unitPrice":"18.6 ¢/oz","shipPrice":"","minPrice":0,"minPriceForVariant":"","subscriptionPrice":"","subscriptionString":"","priceDisplayCondition":"","finalCostByWeight":false,"submapType":""},"rating":{"averageRating":4.5,"numberOfReviews":637},"salesUnit":"EACH","variantList":[],"isVariantTypeSwatch":false,"brand":null,"manufacturerName":null,"offerId":"C54B0C9906994269BBEBE8B4F528470A","fitmentLabel":"","isAtfMarker":false,"sellerId":"F55CDC31AB754BB68FE0B39041159D63","sellerName":"Walmart.com","hasSellerBadge":null,"seller":{"name":"Walmart.com","sellerId":"F55CDC31AB754BB68FE0B39041159D63"},"sponsoredProduct":null,"checkStoreAvailabilityATC":false,"seeShippingEligibility":false,"rewards":null},{"__typename":"Product","availabilityStatusDisplayValue":"In stock","productLocationDisplayValue":null,"externalInfoUrl":"","canonicalUrl":"/ip/Frito-Lay-Flavor-Mix-Chips-and-Snacks-Variety-Package-41-375-oz-42-Count/204384188","canAddToCart":true,"showOptions":false,"showBuyNow":false,"description":"\u003cli\u003eMega size includes 42 individual bags\u003c/li\u003e\u003cli\u003eFlavor mix has your favorite Lay's, Doritos, Cheetos, Ruffles and Fritos flavors\u003c/li\u003e\u003cli\u003ePerfect for packing in school lunches or enjoying on-the-go\u003c/li\u003e","flag":"","badge":{"text":"","id":"","type":"","key":""},"fulfillmentBadges":["3+ day shipping"],"fulfillmentBadge":"","fulfillmentSpeed":[],"fulfillmentType":"MARKETPLACE","groupMetaData":{"groupType":null,"groupSubType":null,"numberOfComponents":0,"groupComponents":null},"id":"7IL6YPX0L6O7","itemType":null,"usItemId":"204384188","image":"https://i5.walmartimages.com/asr/bfcd67ae-4b8f-491a-9b68-f9578acfff7b.cb4980404624b37f16f920032511d021.jpeg?odnHeight=180\u0026odnWidth=180\u0026odnBg=ffffff","isOutOfStock":false,"esrb":"","mediaRating":"","name":"Frito Lay Flavor Mix Chips and Snacks Variety Package 41.375 oz 42 Count","price":33.44,"preOrder":{"isPreOrder":false,"preOrderMessage":null,"preOrderStreetDateMessage":null},"priceInfo":{"itemPrice":"","linePrice":"$33.44","wasPrice":"","unitPrice":"","shipPrice":"","minPrice":0,"minPriceForVariant":"","subscriptionPrice":"","subscriptionString":"","priceDisplayCondition":"","finalCostByWeight":false,"submapType":""},"rating":{"averageRating":4.3,"numberOfReviews":230},"salesUnit":"EACH","variantList":[],"isVariantTypeSwatch":false,"brand":null,"manufacturerName":null,"offerId":"27EF50E6AED64A1FB40D1BFA08B64961","fitmentLabel":"","isAtfMarker":false,"sellerId":"066207A23693446C8F133A67AD1DFF7D","sellerName":"Excellent Buyz Inc","hasSellerBadge":null,"seller":{"name":"Excellent Buyz Inc","sellerId":"066207A23693446C8F133A67AD1DFF7D"},"sponsoredProduct":null,"checkStoreAvailabilityATC":false,"seeShippingEligibility":false,"rewards":null},{"__typename":"Product","availabilityStatusDisplayValue":"In stock","productLocationDisplayValue":null,"externalInfoUrl":"","canonicalUrl":"/ip/28-oz-Utz-Cheddar-Cheese-Balls-Barrel/37319722?athbdg=L1600","canAddToCart":true,"showOptions":false,"showBuyNow":false,"description":"\u003cli\u003eMade with real cheese\u003c/li\u003e\u003cli\u003eGluten free\u003c/li\u003e\u003cli\u003eKosher\u003c/li\u003e","flag":"Best seller","badge":{"key":"BESTSELLER","text":"Best seller","type":"LABEL","id":"L1600"},"fulfillmentBadges":["Pickup","Delivery","1-day shipping"],"fulfillmentIcon":{"key":"SAVE_WITH_W_PLUS","label":"Save with"},"fulfillmentBadge":"Tomorrow","fulfillmentSpeed":["TOMORROW"],"fulfillmentType":"FC","groupMetaData":{"groupType":null,"groupSubType":null,"numberOfComponents":0,"groupComponents":null},"id":"23DGIT1W8HG2","itemType":null,"usItemId":"37319722","image":"https://i5.walmartimages.com/asr/8beac0a6-ae97-4b50-9a15-c347ad718ee4.041c16d51f3ba083f3dc9ecbed573c9b.jpeg?odnHeight=180\u0026odnWidth=180\u0026odnBg=ffffff","isOutOfStock":false,"esrb":"","mediaRating":"","name":"28 oz Utz Cheddar Cheese Balls Barrel","price":6.58,"preOrder":{"isPreOrder":false,"preOrderMessage":null,"preOrderStreetDateMessage":null},"priceInfo":{"itemPrice":"","linePrice":"$6.58","wasPrice":"","unitPrice":"23.5 ¢/oz","shipPrice":"","minPrice":0,"minPriceForVariant":"","subscriptionPrice":"","subscriptionString":"","priceDisplayCondition":"","finalCostByWeight":false,"submapType":""},"rating":{"averageRating":4.6,"numberOfReviews":481},"salesUnit":"EACH","variantList":[],"isVariantTypeSwatch":false,"brand":null,"manufacturerName":null,"offerId":"22998E8BD31342C98F4B6D542445FF2E","fitmentLabel":"","isAtfMarker":false,"sellerId":"F55CDC31AB754BB68FE0B39041159D63","sellerName":"Walmart.com","hasSellerBadge":null,"seller":{"name":"Walmart.com","sellerId":"F55CDC31AB754BB68FE0B39041159D63"},"sponsoredProduct":null,"checkStoreAvailabilityATC":false,"seeShippingEligibility":false,"rewards":null},{"__typename":"Product","availabilityStatusDisplayValue":"In stock","productLocationDisplayValue":null,"externalInfoUrl":"","canonicalUrl":"/ip/Fritos-Flavor-Twists-Honey-BBQ-Corn-Snacks-9-25-oz-Bag/49909660?athbdg=L1300","canAddToCart":true,"showOptions":false,"showBuyNow":false,"description":"\u003cli\u003eDelicious honey barbecue flavor\u003c/li\u003e\u003cli\u003eFun twist shape\u003c/li\u003e\u003cli\u003eLarge bag is perfect for sharing\u003c/li\u003e","flag":"Rollback","badge":{"key":"ROLLBACK","text":"Rollback","type":"LABEL","id":"L1300"},"fulfillmentBadges":["Pickup","Delivery","1-day shipping"],"fulfillmentIcon":{"key":"SAVE_WITH_W_PLUS","label":"Save with"},"fulfillmentBadge":"Tomorrow","fulfillmentSpeed":["TOMORROW"],"fulfillmentType":"FC","groupMetaData":{"groupType":null,"groupSubType":null,"numberOfComponents":0,"groupComponents":null},"id":"1CYHIW5RR2IG","itemType":null,"usItemId":"49909660","image":"https://i5.walmartimages.com/asr/81e47bf8-add6-46fe-bb32-f9d104c9716a_1.61da9a23b5d43cdeb67ed713eaa8e9c6.jpeg?odnHeight=180\u0026odnWidth=180\u0026odnBg=ffffff","isOutOfStock":false,"esrb":"","mediaRating":"","name":"Fritos Flavor Twists Honey BBQ Corn Snacks, 9.25 oz Bag","price":3,"preOrder":{"isPreOrder":false,"preOrderMessage":null,"preOrderStreetDateMessage":null},"priceInfo":{"itemPrice":"$3.48","linePrice":"$3.00","wasPrice":"$3.48","unitPrice":"32.4 ¢/oz","shipPrice":"","minPrice":0,"minPriceForVariant":"","subscriptionPrice":"","subscriptionString":"","priceDisplayCondition":"","finalCostByWeight":false,"submapType":""},"rating":{"averageRating":4.7,"numberOfReviews":247},"salesUnit":"EACH","variantList":[],"isVariantTypeSwatch":false,"brand":null,"manufacturerName":null,"offerId":"5259610C563D47B9A915048E0E2C71FA","fitmentLabel":"","isAtfMarker":false,"sellerId":"F55CDC31AB754BB68FE0B39041159D63","sellerName":"Walmart.com","hasSellerBadge":null,"seller":{"name":"Walmart.com","sellerId":"F55CDC31AB754BB68FE0B39041159D63"},"sponsoredProduct":null,"checkStoreAvailabilityATC":false,"seeShippingEligibility":false,"rewards":null},{"__typename":"Product","availabilityStatusDisplayValue":"In stock","productLocationDisplayValue":null,"externalInfoUrl":"","canonicalUrl":"/ip/Great-Value-Lightly-Salted-Restaurant-Style-White-Corn-Tortilla-Chips-13-oz/50003598","canAddToCart":true,"showOptions":false,"showBuyNow":false,"description":"\u003cli\u003e50% less sodium than Great Value Lightly Salted Tortilla Chips\u003c/li\u003e\u003cli\u003eKosher\u003c/li\u003e","flag":"","badge":{"text":"","id":"","type":"","key":""},"fulfillmentBadges":["Pickup","Delivery","1-day shipping"],"fulfillmentIcon":{"key":"SAVE_WITH_W_PLUS","label":"Save with"},"fulfillmentBadge":"Tomorrow","fulfillmentSpeed":["TOMORROW"],"fulfillmentType":"FC","groupMetaData":{"groupType":null,"groupSubType":null,"numberOfComponents":0,"groupComponents":null},"id":"1OO8EWLJ38CQ","itemType":null,"usItemId":"50003598","image":"https://i5.walmartimages.com/asr/37816a6b-b4fd-40bd-8a6e-3105e3677ec3.478c44ec9862d50ae921594556d882bd.jpeg?odnHeight=180\u0026odnWidth=180\u0026odnBg=ffffff","isOutOfStock":false,"esrb":"","mediaRating":"","name":"Great Value Lightly Salted Restaurant Style White Corn Tortilla Chips, 13 oz","price":1.74,"preOrder":{"isPreOrder":false,"preOrderMessage":null,"preOrderStreetDateMessage":null},"priceInfo":{"itemPrice":"","linePrice":"$1.74","wasPrice":"","unitPrice":"13.4 ¢/oz","shipPrice":"","minPrice":0,"minPriceForVariant":"","subscriptionPrice":"","subscriptionString":"","priceDisplayCondition":"","finalCostByWeight":false,"submapType":""},"rating":{"averageRating":4.3,"numberOfReviews":453},"salesUnit":"EACH","variantList":[],"isVariantTypeSwatch":false,"brand":null,"manufacturerName":null,"offerId":"DD360B7985F04821A6CF9921F4B92354","fitmentLabel":"","isAtfMarker":false,"sellerId":"F55CDC31AB754BB68FE0B39041159D63","sellerName":"Walmart.com","hasSellerBadge":null,"seller":{"name":"Walmart.com","sellerId":"F55CDC31AB754BB68FE0B39041159D63"},"sponsoredProduct":null,"checkStoreAvailabilityATC":false,"seeShippingEligibility":false,"rewards":null},{"__typename":"Product","availabilityStatusDisplayValue":"In stock","productLocationDisplayValue":null,"externalInfoUrl":"","canonicalUrl":"/ip/Doritos-Nacho-Cheese-Flavored-Tortilla-Chips-9-25-oz-Bag/786004155","canAddToCart":true,"showOptions":false,"showBuyNow":false,"description":"\u003cli\u003eDelicious Nacho Cheese flavor\u003c/li\u003e\u003cli\u003eFlavor on Another Level\u003c/li\u003e\u003cli\u003eLarge bag is perfect for sharing\u003c/li\u003e","flag":"","badge":{"text":"","id":"","type":"","key":""},"fulfillmentBadges":["Pickup","Delivery"],"fulfillmentIcon":{"key":"SAVE_WITH_W_PLUS","label":"Save with"},"fulfillmentBadge":"","fulfillmentSpeed":[],"fulfillmentType":"STORE","groupMetaData":{"groupType":null,"groupSubType":null,"numberOfComponents":0,"groupComponents":null},"id":"1SKEMAHEULZT","itemType":null,"usItemId":"786004155","image":"https://i5.walmartimages.com/asr/fecf3d38-d919-456b-bfe1-5153abee933d.ad508311cf5621b375ef9c2c00fdd036.jpeg?odnHeight=180\u0026odnWidth=180\u0026odnBg=ffffff","isOutOfStock":false,"esrb":"","mediaRating":"","name":"Doritos Nacho Cheese Flavored Tortilla Chips, 9.25 oz Bag","price":3.48,"preOrder":{"isPreOrder":false,"preOrderMessage":null,"preOrderStreetDateMessage":null},"priceInfo":{"itemPrice":"","linePrice":"$3.48","wasPrice":"","unitPrice":"37.4 ¢/oz","shipPrice":"","minPrice":0,"minPriceForVariant":"","subscriptionPrice":"","subscriptionString":"","priceDisplayCondition":"","finalCostByWeight":false,"submapType":""},"rating":{"averageRating":4.3,"numberOfReviews":116},"salesUnit":"EACH","variantList":[],"isVariantTypeSwatch":false,"brand":null,"manufacturerName":null,"offerId":"15CE2C50466D45E49A064AC587D5EAB7","fitmentLabel":"","isAtfMarker":false,"sellerId":"F55CDC31AB754BB68FE0B39041159D63","sellerName":"Walmart.com","hasSellerBadge":null,"seller":{"name":"Walmart.com","sellerId":"F55CDC31AB754BB68FE0B39041159D63"},"sponsoredProduct":null,"checkStoreAvailabilityATC":false,"seeShippingEligibility":false,"rewards":null},{"__typename":"Product","availabilityStatusDisplayValue":"In stock","productLocationDisplayValue":null,"externalInfoUrl":"","canonicalUrl":"/ip/Lay-s-Potato-Chips-Barbecue-Flavor-7-75-oz-Bag/33282305","canAddToCart":true,"showOptions":false,"showBuyNow":false,"description":"\u003cli\u003eDelicious barbecue flavor\u003c/li\u003e\u003cli\u003eLarge bag is perfect for sharing\u003c/li\u003e\u003cli\u003eA tasty snack for the whole family to enjoy\u003c/li\u003e\u003cli\u003ePackaging may vary\u003c/li\u003e","flag":"","badge":{"text":"","id":"","type":"","key":""},"fulfillmentBadges":["Pickup","Delivery","1-day shipping"],"fulfillmentIcon":{"key":"SAVE_WITH_W_PLUS","label":"Save with"},"fulfillmentBadge":"Tomorrow","fulfillmentSpeed":["TOMORROW"],"fulfillmentType":"FC","groupMetaData":{"groupType":null,"groupSubType":null,"numberOfComponents":0,"groupComponents":null},"id":"4CUXHISMLA2C","itemType":null,"usItemId":"33282305","image":"https://i5.walmartimages.com/asr/3a3bac6f-c3c1-4deb-ac5f-ed76e17e3009.00bf1b0ce6421683a4453591073ec472.jpeg?odnHeight=180\u0026odnWidth=180\u0026odnBg=ffffff","isOutOfStock":false,"esrb":"","mediaRating":"","name":"Lay's Potato Chips, Barbecue Flavor, 7.75 oz Bag","price":2.98,"preOrder":{"isPreOrder":false,"preOrderMessage":null,"preOrderStreetDateMessage":null},"priceInfo":{"itemPrice":"","linePrice":"$2.98","wasPrice":"","unitPrice":"38.5 ¢/oz","shipPrice":"","minPrice":0,"minPriceForVariant":"","subscriptionPrice":"","subscriptionString":"","priceDisplayCondition":"","finalCostByWeight":false,"submapType":""},"rating":{"averageRating":4.5,"numberOfReviews":279},"salesUnit":"EACH","variantList":[],"isVariantTypeSwatch":false,"brand":null,"manufacturerName":null,"offerId":"8228576861E14008898DDDFE7F097C2F","fitmentLabel":"","isAtfMarker":false,"sellerId":"F55CDC31AB754BB68FE0B39041159D63","sellerName":"Walmart.com","hasSellerBadge":null,"seller":{"name":"Walmart.com","sellerId":"F55CDC31AB754BB68FE0B39041159D63"},"sponsoredProduct":null,"checkStoreAvailabilityATC":false,"seeShippingEligibility":false,"rewards":null},{"__typename":"Product","availabilityStatusDisplayValue":"Out of stock","productLocationDisplayValue":null,"externalInfoUrl":"","canonicalUrl":"/ip/Doritos-Nacho-Cheese-Flavored-Tortilla-Chips-Party-Size-14-5-oz-Bag/433078517","canAddToCart":false,"showOptions":false,"showBuyNow":false,"description":"\u003cli\u003eDelicious nacho cheese flavor\u003c/li\u003e\u003cli\u003eFlavor on Another Level\u003c/li\u003e\u003cli\u003eParty size bag is perfect for sharing\u003c/li\u003e","flag":"","badge":{"text":"","id":"","type":"","key":""},"fulfillmentBadges":[],"fulfillmentBadge":"","fulfillmentSpeed":[],"fulfillmentType":"STORE","groupMetaData":{"groupType":null,"groupSubType":null,"numberOfComponents":0,"groupComponents":null},"id":"4GPWC79YPUEZ","itemType":null,"usItemId":"433078517","image":"https://i5.walmartimages.com/asr/2396257b-2d84-4661-9967-163e4ff3ecfd.3a30ab33a401d8be31ea9fbaf599d561.jpeg?odnHeight=180\u0026odnWidth=180\u0026odnBg=ffffff","isOutOfStock":true,"esrb":"","mediaRating":"","name":"Doritos Nacho Cheese Flavored Tortilla Chips, Party Size, 14.5 oz Bag","price":4.48,"preOrder":{"isPreOrder":false,"preOrderMessage":null,"preOrderStreetDateMessage":null},"priceInfo":{"itemPrice":"","linePrice":"$4.48","wasPrice":"","unitPrice":"30.9 ¢/oz","shipPrice":"","minPrice":0,"minPriceForVariant":"","subscriptionPrice":"","subscriptionString":"","priceDisplayCondition":"","finalCostByWeight":false,"submapType":""},"rating":{"averageRating":4,"numberOfReviews":280},"salesUnit":"EACH","variantList":[],"isVariantTypeSwatch":false,"brand":null,"manufacturerName":null,"offerId":"7642772DA0CC48009ED253A88F4D5190","fitmentLabel":"","isAtfMarker":false,"sellerId":"F55CDC31AB754BB68FE0B39041159D63","sellerName":"Walmart.com","hasSellerBadge":null,"seller":{"name":"Walmart.com","sellerId":"F55CDC31AB754BB68FE0B39041159D63"},"sponsoredProduct":null,"checkStoreAvailabilityATC":false,"seeShippingEligibility":false,"rewards":null},{"__typename":"Product","availabilityStatusDisplayValue":"Out of stock","productLocationDisplayValue":null,"externalInfoUrl":"","canonicalUrl":"/ip/Munchos-Potato-Chips-4-25-Oz/323676370","canAddToCart":false,"showOptions":false,"showBuyNow":false,"description":"Munchos Regular Value Line 4.25oz","flag":"","badge":{"text":"","id":"","type":"","key":""},"fulfillmentBadges":[],"fulfillmentBadge":"","fulfillmentSpeed":[],"fulfillmentType":"STORE","groupMetaData":{"groupType":null,"groupSubType":null,"numberOfComponents":0,"groupComponents":null},"id":"0U3FDEFTFXFE","itemType":null,"usItemId":"323676370","image":"https://i5.walmartimages.com/asr/74138965-e05c-483f-b3ef-52e049fa8819_1.d450413ed4b9474d299448e93d6dc5e4.jpeg?odnHeight=180\u0026odnWidth=180\u0026odnBg=ffffff","isOutOfStock":true,"esrb":"","mediaRating":"","name":"Munchos Potato Chips, 4.25 Oz.","price":2.28,"preOrder":{"isPreOrder":false,"preOrderMessage":null,"preOrderStreetDateMessage":null},"priceInfo":{"itemPrice":"","linePrice":"$2.28","wasPrice":"","unitPrice":"53.6 ¢/oz","shipPrice":"","minPrice":0,"minPriceForVariant":"","subscriptionPrice":"","subscriptionString":"","priceDisplayCondition":"","finalCostByWeight":false,"submapType":""},"rating":{"averageRating":4.7,"numberOfReviews":256},"salesUnit":"EACH","variantList":[],"isVariantTypeSwatch":false,"brand":null,"manufacturerName":null,"offerId":"9BDD690A0DBB4BD68B8AFB243B07D398","fitmentLabel":"","isAtfMarker":false,"sellerId":"F55CDC31AB754BB68FE0B39041159D63","sellerName":"Walmart.com","hasSellerBadge":null,"seller":{"name":"Walmart.com","sellerId":"F55CDC31AB754BB68FE0B39041159D63"},"sponsoredProduct":null,"checkStoreAvailabilityATC":false,"seeShippingEligibility":false,"rewards":null},{"__typename":"Product","availabilityStatusDisplayValue":"Out of stock","productLocationDisplayValue":null,"externalInfoUrl":"","canonicalUrl":"/ip/Great-Value-Original-Rippled-Potato-Chips-Party-Size-13-5-oz/176493421","canAddToCart":false,"showOptions":false,"showBuyNow":false,"description":"\u003cli\u003eOriginal flavor\u003c/li\u003e\u003cli\u003eNaturally gluten free\u003c/li\u003e\u003cli\u003eParty size package\u003c/li\u003e","flag":"","badge":{"text":"","id":"","type":"","key":""},"fulfillmentBadges":[],"fulfillmentBadge":"","fulfillmentSpeed":[],"fulfillmentType":"FC","groupMetaData":{"groupType":null,"groupSubType":null,"numberOfComponents":0,"groupComponents":null},"id":"3X70ANP2USHD","itemType":null,"usItemId":"176493421","image":"https://i5.walmartimages.com/asr/694500b7-24e9-487d-9f54-c5497c58ee69_2.b21f07f97beed97cf35ca05ffc838961.jpeg?odnHeight=180\u0026odnWidth=180\u0026odnBg=ffffff","isOutOfStock":true,"esrb":"","mediaRating":"","name":"Great Value Original Rippled Potato Chips Party Size, 13.5 oz","price":2.37,"preOrder":{"isPreOrder":false,"preOrderMessage":null,"preOrderStreetDateMessage":null},"priceInfo":{"itemPrice":"","linePrice":"$2.37","wasPrice":"","unitPrice":"17.6 ¢/oz","shipPrice":"","minPrice":0,"minPriceForVariant":"","subscriptionPrice":"","subscriptionString":"","priceDisplayCondition":"","finalCostByWeight":false,"submapType":""},"rating":{"averageRating":4,"numberOfReviews":66},"salesUnit":"EACH","variantList":[],"isVariantTypeSwatch":false,"brand":null,"manufacturerName":null,"offerId":"4487E5F8A8114D68B7F596AA574CA939","fitmentLabel":"","isAtfMarker":false,"sellerId":"F55CDC31AB754BB68FE0B39041159D63","sellerName":"Walmart.com","hasSellerBadge":null,"seller":{"name":"Walmart.com","sellerId":"F55CDC31AB754BB68FE0B39041159D63"},"sponsoredProduct":null,"checkStoreAvailabilityATC":false,"seeShippingEligibility":false,"rewards":null},{"__typename":"Product","availabilityStatusDisplayValue":"Out of stock","productLocationDisplayValue":null,"externalInfoUrl":"","canonicalUrl":"/ip/Great-Value-Chili-Cheese-Corn-Chips-10-Oz/736046305","canAddToCart":false,"showOptions":false,"showBuyNow":false,"description":"Gluten-FreeReal cheddar cheeseChili cheese flavoredGreat for dipping","flag":"","badge":{"text":"","id":"","type":"","key":""},"fulfillmentBadges":[],"fulfillmentBadge":"","fulfillmentSpeed":[],"fulfillmentType":"FC","groupMetaData":{"groupType":null,"groupSubType":null,"numberOfComponents":0,"groupComponents":null},"id":"3S3K0IPDJA4Y","itemType":null,"usItemId":"736046305","image":"https://i5.walmartimages.com/asr/9d0f9389-6ec0-4729-860c-197c8258be22_1.09b35e982f2f2d2b3982f3220382c7e7.jpeg?odnHeight=180\u0026odnWidth=180\u0026odnBg=ffffff","isOutOfStock":true,"esrb":"","mediaRating":"","name":"Great Value Chili Cheese Corn Chips, 10 Oz.","price":3.77,"preOrder":{"isPreOrder":false,"preOrderMessage":null,"preOrderStreetDateMessage":null},"priceInfo":{"itemPrice":"","linePrice":"$3.77","wasPrice":"","unitPrice":"37.7 ¢/oz","shipPrice":"","minPrice":0,"minPriceForVariant":"","subscriptionPrice":"","subscriptionString":"","priceDisplayCondition":"","finalCostByWeight":false,"submapType":""},"rating":{"averageRating":4.4,"numberOfReviews":283},"salesUnit":"EACH","variantList":[],"isVariantTypeSwatch":false,"brand":null,"manufacturerName":null,"offerId":"F5BE93CDF6F64EC6A3096CF0CFE68CC9","fitmentLabel":"","isAtfMarker":false,"sellerId":"F55CDC31AB754BB68FE0B39041159D63","sellerName":"Walmart.com","hasSellerBadge":null,"seller":{"name":"Walmart.com","sellerId":"F55CDC31AB754BB68FE0B39041159D63"},"sponsoredProduct":null,"checkStoreAvailabilityATC":false,"seeShippingEligibility":false,"rewards":null},{"__typename":"Product","availabilityStatusDisplayValue":"Out of stock","productLocationDisplayValue":null,"externalInfoUrl":"","canonicalUrl":"/ip/Great-Value-Party-Size-Barbecue-Potato-Chips-12-5-oz/597964523","canAddToCart":false,"showOptions":false,"showBuyNow":false,"description":"\u003cli\u003eSeasoned with garlic, paprika \u0026 natural smoke flavor\u003c/li\u003e\u003cli\u003ePerfect for barbecues \u0026 tailgates\u003c/li\u003e\u003cli\u003eExcellent snack for school lunches and picnics\u003c/li\u003e","flag":"","badge":{"text":"","id":"","type":"","key":""},"fulfillmentBadges":[],"fulfillmentBadge":"","fulfillmentSpeed":[],"fulfillmentType":"FC","groupMetaData":{"groupType":null,"groupSubType":null,"numberOfComponents":0,"groupComponents":null},"id":"2DEDGI72YY12","itemType":null,"usItemId":"597964523","image":"https://i5.walmartimages.com/asr/4e52bd84-9c72-4c9e-bf4c-b4e0e183c8b8.eb1957f3f6c3694f9e4797bb483512b7.jpeg?odnHeight=180\u0026odnWidth=180\u0026odnBg=ffffff","isOutOfStock":true,"esrb":"","mediaRating":"","name":"Great Value Party Size Barbecue Potato Chips, 12.5 oz","price":2.37,"preOrder":{"isPreOrder":false,"preOrderMessage":null,"preOrderStreetDateMessage":null},"priceInfo":{"itemPrice":"","linePrice":"$2.37","wasPrice":"","unitPrice":"19.0 ¢/oz","shipPrice":"","minPrice":0,"minPriceForVariant":"","subscriptionPrice":"","subscriptionString":"","priceDisplayCondition":"","finalCostByWeight":false,"submapType":""},"rating":{"averageRating":3.9,"numberOfReviews":18},"salesUnit":"EACH","variantList":[],"isVariantTypeSwatch":false,"brand":null,"manufacturerName":null,"offerId":"2CCE754E6E124451B504EA8FAC6CF8BB","fitmentLabel":"","isAtfMarker":false,"sellerId":"F55CDC31AB754BB68FE0B39041159D63","sellerName":"Walmart.com","hasSellerBadge":null,"seller":{"name":"Walmart.com","sellerId":"F55CDC31AB754BB68FE0B39041159D63"},"sponsoredProduct":null,"checkStoreAvailabilityATC":false,"seeShippingEligibility":false,"rewards":null}],"layoutEnum":"GRID"}],"pageMetadata":{"storeSelectionHeader":null,"title":"Chips","canonical":"https://www.walmart.com/browse/food/chips/976759_976787_1001390","description":"Shop for Chips in Snacks, Cookies \u0026 Chips. Buy products such as Lay's Classic Potato Chips, Party Size, 13 oz Bag at Walmart and save.","location":{"addressId":""}},"paginationV2":{"maxPage":25,"pageProperties":{"cat_id":"976759_976787_1001390","ps":"40","sort":"best_match","displayGuidedNav":true,"affinityOverride":"default","stores":"3081"}},"requestContext":{"vertical":null,"isFitmentFilterQueryApplied":false,"searchMatchType":"{\"trn\":0,\"eo\":\"N\",\"id\":\"EhphGqoUArkF8JMWOUUYG9FIsJ4LD02IfJXO\",\"ppABTest\":true}","categories":{"id":"976759_976787_1001390","name":"Chips"}},"errorResponse":{"correlationId":"EhphGqoUArkF8JMWOUUYG9FIsJ4LD02IfJXO","source":"sis","errorCodes":null,"errors":[]},"modules":null,"count":50,"gridItemsCount":50,"catInfo":{"catId":"976759_976787_1001390","name":"Chips"}},"seoMetaData":{"metaTitle":"Chips – Walmart.com","metaDesc":"Shop for Chips at Walmart.com and choose from popular chip brands like Lay's, Frito-Lay, Doritos, Cheetos, and Ruffles for less. Save money. Live better.","metaCanon":"https://www.walmart.com/browse/food/chips/976759_976787_1001390","h1":"Chips – Walmart.com"},"pageMetadata":{"location":{"pickupStore":"3081","deliveryStore":"3081","intent":"SHIPPING","postalCode":"95829","stateOrProvinceCode":"CA","city":"Sacramento","storeId":"3081","accessPointId":null,"accessType":null},"pageContext":{"browseContext":{"cat_id":"/976759/976787/1001390","cat_path_name":"/Food/Snacks, Cookies \u0026 Chips/Chips"}}}},"initialSearchQueryVariables":{"id":"","dealsId":"","query":"","page":1,"prg":"desktop","catId":"976759_976787_1001390","facet":"","sort":"best_match","rawFacet":"","seoPath":"","ps":40,"ptss":"","trsp":"","beShelfId":"","recall_set":"","module_search":"","min_price":"","max_price":"","storeSlotBooked":"","additionalQueryParams":{"hidden_facet":null,"translation":null},"searchArgs":{"query":"","cat_id":"976759_976787_1001390","prg":"desktop","facet":""},"fitmentFieldParams":null,"fitmentSearchParams":{"id":"","dealsId":"","query":"","page":1,"prg":"desktop","catId":"976759_976787_1001390","facet":"","sort":"best_match","rawFacet":"","seoPath":"","ps":40,"ptss":"","trsp":"","beShelfId":"","recall_set":"","module_search":"","min_price":"","max_price":"","storeSlotBooked":"","additionalQueryParams":{"hidden_facet":null,"translation":null},"searchArgs":{"query":"","cat_id":"976759_976787_1001390","prg":"desktop","facet":""},"cat_id":"976759_976787_1001390","_be_shelf_id":""},"fetchMarquee":true,"fetchSkyline":true,"fetchSbaTop":false,"tenant":"WM_GLASS","enablePortableFacets":false},"psych":{"isMobile":false,"isBot":false},"isomorphicSessionId":"agXR3-_fqe1ArylGmkwC9","trace":{"traceId":"88cd71bb7423c826f0365c528f267033","spanId":"9a747e26e5d604d1","traceFlags":1},"isCaching":false,"queryContextCacheId":9236,"bootstrapData":{"account":{"data":{"account":null}},"cart":null,"header":{"data":{"contentLayout":{"modules":[]}},"headers":{}},"footer":{"data":{"location":{"status":true,"postalCode":"95829","nodeId":"3081","errors":[],"shippingAddress":{"addressId":null,"addressLineOne":null,"addressLineTwo":null,"city":"Sacramento","stateOrProvinceCode":"CA","postalCode":"95829"},"pickupNode":{"nodeId":"3081","displayName":"Sacramento Supercenter","addressLineOne":"8915 Gerber Road","city":"Sacramento","stateOrProvinceCode":"CA","postalCode":"95829","accessPointId":null}},"contentLayout":{"modules":[{"name":"GlobalFooterLinks Module,","type":"GlobalFooterLinks","matchedTrigger":{"zone":"footerZone1"},"configs":{"subLinks":[{"link":{"linkText":"All Departments","title":"All Departments","clickThrough":{"type":"url","value":"/all-departments","rawValue":"/all-departments"},"uid":"zuC8vwt4"},"isSFLink":"False","openInNewTab":"False"},{"link":{"linkText":"Store Directory","title":"Store Directory","clickThrough":{"type":"url","value":"/store/directory","rawValue":"/store/directory"},"uid":"H35X2opY"},"isSFLink":"False","openInNewTab":"True"},{"link":{"linkText":"Careers","title":"Careers","clickThrough":{"type":"url","value":"https://careers.walmart.com/","rawValue":"https://careers.walmart.com/"},"uid":"3JvzlnuM"},"isSFLink":"False","openInNewTab":"True"},{"link":{"linkText":"Our Company","title":"Our Company","clickThrough":{"type":"url","value":"https://corporate.walmart.com/","rawValue":"https://corporate.walmart.com/"},"uid":"8ScthXgM"},"isSFLink":"False","openInNewTab":"True"},{"link":{"linkText":"Sell on Walmart.com","title":"Sell on Walmart.com","clickThrough":{"type":"url","value":"https://marketplace.walmart.com/?utm_source=Walmart.com\u0026utm_medium=link\u0026utm_campaign=footer","rawValue":"https://marketplace.walmart.com/?utm_source=Walmart.com\u0026utm_medium=link\u0026utm_campaign=footer"},"uid":"yJ4Ohzsq"},"isSFLink":"False","openInNewTab":"True"},{"link":{"linkText":"Help","title":"Help","clickThrough":{"type":"url","value":"/help","rawValue":"/help"},"uid":"3Owhn3cK"},"isSFLink":"False","openInNewTab":"False"},{"link":{"linkText":"COVID-19 Vaccine Scheduler","title":"COVID-19 Vaccine Scheduler","clickThrough":{"type":"url","value":"https://www.walmart.com/cp/flu-shots-immunizations/1228302","rawValue":"https://www.walmart.com/cp/flu-shots-immunizations/1228302"},"uid":"qCVduDBX"},"isSFLink":"False","openInNewTab":"False"},{"link":{"linkText":"Product Recalls","title":"Product Recalls","clickThrough":{"type":"url","value":"https://corporate.walmart.com/recalls","rawValue":"https://corporate.walmart.com/recalls"},"uid":"zvFmPeD9"},"isSFLink":"False","openInNewTab":"True"},{"link":{"linkText":"Accessibility","title":"Accessibility","clickThrough":{"type":"url","value":"https://www.walmart.com/help/article/responsible-disclosure-and-accessibility-policies/0f173dab8bd942da84b1cd7ab5ffc3cb","rawValue":"https://www.walmart.com/help/article/responsible-disclosure-and-accessibility-policies/0f173dab8bd942da84b1cd7ab5ffc3cb"},"uid":"S48bZs6T"},"isSFLink":"True","openInNewTab":"True"},{"link":{"linkText":"Tax Exempt Program","title":"Tax Exempt Program","clickThrough":{"type":"url","value":"https://www.walmart.com/taxexempt/","rawValue":"https://www.walmart.com/taxexempt/"},"uid":"UDNi8zSy"},"isSFLink":"False","openInNewTab":"True"},{"link":{"linkText":"Get the Walmart App","title":"Get the Walmart App","clickThrough":{"type":"url","value":"https://walmart.onelink.me/UIev?pid=walmart.com\u0026af_web_dp=https%3A%2F%2Fwww.walmart.com%2Fcp%2Fwalmart-mobile-app%2F1087865\u0026c=Walmart.com%20Site%20Footer\u0026af_dp=walmart%3A%2F%2F","rawValue":"https://walmart.onelink.me/UIev?pid=walmart.com\u0026af_web_dp=https%3A%2F%2Fwww.walmart.com%2Fcp%2Fwalmart-mobile-app%2F1087865\u0026c=Walmart.com%20Site%20Footer\u0026af_dp=walmart%3A%2F%2F"},"uid":"E0SzbKzK"},"isSFLink":"False","openInNewTab":"False"},{"link":{"linkText":"Sign-up for Email","title":"Sign-up for Email","clickThrough":{"type":"url","value":"https://www.walmart.com/account/communications-and-privacy?section=marketingemails","rawValue":"https://www.walmart.com/account/communications-and-privacy?section=marketingemails"},"uid":"7Lhnk2mS"},"isSFLink":"False","openInNewTab":"False"},{"link":{"linkText":"Terms of Use","title":"Terms of Use","clickThrough":{"type":"url","value":"/help/article/walmart-com-terms-of-use/3b75080af40340d6bbd596f116fae5a0","rawValue":"/help/article/walmart-com-terms-of-use/3b75080af40340d6bbd596f116fae5a0"},"uid":"0zMqEcVI"},"isSFLink":"False","openInNewTab":"False"},{"link":{"linkText":"Privacy \u0026 Security","title":"Privacy \u0026 Security","clickThrough":{"type":"url","value":"https://corporate.walmart.com/privacy-security","rawValue":"https://corporate.walmart.com/privacy-security"},"uid":"v8SRLDKw"},"isSFLink":"False","openInNewTab":"True"},{"link":{"linkText":"CA Privacy Rights","title":"CA Privacy Rights","clickThrough":{"type":"url","value":"https://corporate.walmart.com/privacy-security/california-privacy-rights","rawValue":"https://corporate.walmart.com/privacy-security/california-privacy-rights"},"uid":"9Ni6sNcm"},"isSFLink":"True","openInNewTab":"True"},{"link":{"linkText":"California Supply Chain Act","title":"California Supply Chain Act","clickThrough":{"type":"url","value":"https://corporate.walmart.com/california-transparency","rawValue":"https://corporate.walmart.com/california-transparency"},"uid":"m7MuhLuF"},"isSFLink":"False","openInNewTab":"True"},{"link":{"linkText":"Do Not Sell My Personal Information","title":"Do Not Sell My Personal Information","clickThrough":{"type":"url","value":"https://www.walmart.com/account/api/ccpa-intake?native=false\u0026app=gm\u0026type=sod","rawValue":"https://www.walmart.com/account/api/ccpa-intake?native=false\u0026app=gm\u0026type=sod"},"uid":"1EAiCJOO"},"isSFLink":"True","openInNewTab":"True"},{"link":{"linkText":"Request My Personal Information","title":"Request My Personal Information","clickThrough":{"type":"url","value":"https://www.walmart.com/account/api/ccpa-intake?native=false\u0026app=gm\u0026type=access","rawValue":"https://www.walmart.com/account/api/ccpa-intake?native=false\u0026app=gm\u0026type=access"},"uid":"vNAKHfwt"},"isSFLink":"True","openInNewTab":"True"}]}}]}},"headers":{}},"cv":{"account":{"_all_":{"vuduLibraryUrl":"https://video.walmart.com/content/account/purchasehistory","enableAccountDWeb":true,"registriesUrl":"/my-registries","enableGoogleAutoComplete":true,"enableMyItemsMenu":true,"enablePostalCodeMessage":false,"enableLocationAutoComplete":true,"eBookUrl":"https://www.walmart.com/account/redirect/kobo?page=library","enableAccountWallet":true,"isInHomeEnabled":true,"ccpaUrl":"/account/ccpa-reporting","enableAccountMWeb":true,"enableSubscriptionModule":true,"walmartPlusUrl":"https://www.walmart.com/grocery/account/plus/overview","enablePostalCodeOnly":false,"listsUrl":"/lists","enableZipcodeInAddressSelector":false,"placeholder":1,"enableWalmartPlus":true,"customCakeUrl":"https://www.walmart.com/order-ahead/cake","itemSubscriptionUrl":"https://www.walmart.com/m/deals/subscriptions/manage","communicationAndPrivacyUrl":"/account/communications-and-privacy","enableWalmartPlusPreference":true,"walmartAssociateUrl":"https://www.walmart.com/account/associate-discount","pharmacyUrl":"https://www.walmart.com/pharmacy/dashboard","enableFeatureCommsAndPrivacy":true,"protectionPlanUrl":"/protection-plans","enchancedAccountPharmacyUrl":"https://www.walmart.com/cp/5431","enableItemSubscriptionRamp":false,"reorderUrl":"https://www.walmart.com/my-items","enableAvsOverride":true,"shouldUpdateCartAfterUpdateZipcode":true,"ccpaNewRequestUrl":"https://www.walmart.com/account/api/ccpa-intake?native=false\u0026amp;type=access","autoCareCenterUrl":"https://www.walmart.com/cp/auto-services/1087266","isFCShippingEnabled":true,"enableItemSubscription":true,"enableAddressLineOneAutofill":false,"enableInHomeAddress":true}},"cart":{"_all_":{"enableCapOne":true,"enableItemUpdates":true,"enableWalmartPlusIntegratedSignUp":true,"enableItemSwitchableBadge":true,"enablePartialCheckout":true,"enableATCOptimization":true,"enableATCRateLimitingMessage":true,"enableGXOSignInNudge":true,"enableSubstituteOOS":true,"enableACCScheduling":true,"enableCapOneRewards":true,"enableGuestCheckout":true,"enablePartialSwitchModuleLevel":true,"enableCallouts":true,"enableAffirm":true,"enableItemNotSwitchableBadge":true,"enableWplusThirtyDaystrial":true,"enableWplus":true,"enableEbt":true,"enableSFL":true,"enableSetPickupMutation":true,"enableAddOnServicesPAC":true,"enableCarePlansAndHomeServices":true,"enableSetShippingOrDeliveryMutation":true,"enableWirelessFreebiePromo":true,"enableRegistry":true,"enableCartGIC":true,"enableSubstituteOOSV2":false,"enableShippingIntent":true,"enableOmniPromise":true,"enableEnhancedEmptyCart":true,"enableWirelessPostpaid":true,"enableQueueing":true,"sflCountPerPagination":20,"enableProductTileV2":false,"enableFulfillmentHeadersV2":true,"enableEarlyAccess":true,"enableInHomeDelivery":true,"enableLastCall":true,"enableAccSchedulingFindStores":true,"enableOOSHotFix":true,"disableGetCartCSR":false,"enableSFLPerformanceMode":false,"enablePAC":true,"enableNonConfigBundles":true,"enableShopSimilar":false,"enableSigninBenefits":true,"enableWplusFulfillmentBanner":true,"enablePACCheckout":false,"initialSFLCount":10,"enableCXOPrefetch":true,"enableItemSwitchableTempBadge":false,"enableAEBadge":true,"enableATCAnimation":false,"enableStoreSnackBarMessage":false}},"bookslot":{"_all_":{"gmStoreMessageForNoUSPSlot":true,"enableWirelessPostpaid":true,"walmartPlusFreeDelivery":true,"enablePriorityTimesIntegratedSignup":true,"enableWalmartPlusIntegratedSignUp":true,"hidePickupSlotPrice":true,"alcoholRestrictedSlotsFilterEnable":true,"disableMergeAndGetCartCSR":false,"enableBlockRegistrantAddressDelivery":true,"enableEarliestAvailableSlotPreselection":false,"enableFulfillmentIntent":true,"enableNoSlotPreselectionOnTabSwitch":false,"enableSlotPreSelectionV2":true,"enableEarliestAvailableDayPreselection":false,"enablePickupOnShippingIntent":true,"enableNoPickupSlotSelectionForDefaultStore":true,"enableWalmartPlus":true,"nodeSelectableOnlineEnable":true,"enableStoreHours":true,"hideStoreChooserDefaultAlert":true,"tempoCacheExpirationInSeconds":300,"enablePriorityTimes":true,"maxCountOfStoresForInventory":5,"disableFreeDeliveryBannerForExpressOnlyStores":true,"enablePreselectionV2UserIntentOverReservation":false,"enableInHomeSlotsQueryHeader":true,"mergeSlotsEnable":true}},"header":{"_all_":{"showNavLinks":true,"isAlertBarEnabled":true,"fetchLocationCSROnLoad":true,"fetchLocation":true,"enableGIC":false,"calloutViewsPerIdPerBSTC":1,"calloutViewsPerIdPerVTC":2,"maxCalloutsPerBSTC":4,"showOptOut":true,"calloutsEnabled":true,"showAddressLineOne":true,"navLinks":"'[{\"name\": \"Grocery\",\"link\": \"https://www.walmart.com/cp/1735450\"},{\"name\": \"Tech\",\"link\": \"https://www.walmart.com/cp/electronics/3944\"},{\"name\": \"Fashion\",\"link\": \"https://www.walmart.com/cp/clothing/5438\"},{\"name\": \"Home\",\"link\": \"https://www.walmart.com/cp/home/4044\"},{\"name\": \"Gifts for mom\",\"link\": \"https://www.walmart.com/shop/all-gifts\"},{\"name\": \"Deals\",\"link\": \"https://www.walmart.com/shop/deals\"},{\"name\": \"Flash picks\",\"link\": \"https://www.walmart.com/shop/deals/flash-picks\"},{\"name\": \"Walmart+\",\"link\": \"https://www.walmart.com/plus\"}]'"}},"pulse":{"_all_":{"alwaysAllowedTagList":"","logLevel":"info","enableV1Schema":true,"enableQuantumMetric":true}},"footer":{"_all_":{"enableXOFeedback":true,"hideGiveFeedbackSection":true}},"shared":{"_all_":{"enableQueueing":false,"enableExpressSla":true,"aeModuleHeaderText":"Black Friday Deals pickup","helpLinkReturnRefunds":"https://www.walmart.com/help/channel/returns-and-refunds/5a33a1f61af8479e9d1bd8b727e9e761","legacySiteDirectspendingRedirectEnabled":false,"itemReservationsBannerText":"left to buy your item","helpLinkMobileAlertsTerms":"https://www.walmart.com/help/article/mobile-alerts-terms-of-use/499122d9bba94d08b50e8facf42fcc82","bookSlotPersistentFilterEnable":false,"helpLinkMPReturnPolicy":"https://www.walmart.com/help/article/walmart-marketplace-return-policy/63c3566a9d3546858582acae2fbfdb7e","helpLinkTermsOfUse":"https://www.walmart.com/help/article/walmart-com-terms-of-use/3b75080af40340d6bbd596f116fae5a0","placeholder":"US","legacySiteNGRedirectEnabled":false,"legacySiteInhomeRedirectEnabled":false,"legacySiteEbtRedirectEnabled":false,"enableWaitingHallway":true,"disableGetCartSSR":true,"enableAdSessionId":true,"queueTimeToCompletePurchase":10,"helpLinkStorePurchase":"https://www.walmart.com/help/article/view-store-purchases/f56a1afbf3b5428bb69f0124daa49108","beaconWithQuantumMetrics":false,"enableFullPageCart":true,"enableGifting":true,"enableHubAndSpoke":true,"queueRefetchInterval":5000,"queueMaxRefetchDuration":900000,"enableAstCookie":true,"enableSinglePageXO":false,"savingsRecommendationFlag":0}},"ads":{"_all_":{"spMq2Measure3PEnable":true,"adResponseBeaconEnable":true,"adPreviousResponseNullCheck":true,"displayProductPos":true,"spMq2Measure1PEnable":true,"ipMq1RenderEnable":true,"ipSkReqEnable":true,"bpMq2Measure1PEnable":true,"displayOrderDeduplication":true,"measure3PImpEnable":true,"cacheBusterTimeDiffMs":180000,"bpSkReqEnable":true,"bpMq2ReqEnable":true,"spMq1RenderEnable":true,"bpSkMeasure1PEnable":true,"adShowAtcFieldEnable":true,"bpSkMeasure3PEnable":true,"spMq2RenderEnable":true,"ipSpc2Measure1PEnable":true,"hpMq1Measure1PEnable":true,"displayPoVAdBlockerEnable":false,"hpMq1Measure3PEnable":true,"spSkRenderEnable":true,"bpSpc1ReqEnable":true,"displayUnitWrapperUnmount":true,"bpMq1ReqEnable":true,"displayAddlInfo":true,"adsXpa":"9nMgr,WqVri,QdefC,ZCBNY,4eRz-,eJ9VH","displayCheckIp":false,"bpMq1RenderEnable":true,"adManualShelfIdCheck":true,"hpMq2RenderEnable":true,"moatIvt":"https://www.walmart.com/swag/v2/ip-rd","bpMq2RenderEnable":true,"hpMq1RenderEnable":true,"ipSpc2ReqEnable":true,"spSkMeasure1PEnable":true,"displaySbaLogospQs":true,"spSkMeasure3PEnable":true,"bpSpc1Measure1PEnable":true,"sbaMwebRedesignV2Enable":false,"displayProductsPos":false,"adSPIncrementDecrementCheck":true,"spMq1Measure1PEnable":true,"hpP3NMeasure1PEnable":true,"ipSkMeasure1PEnable":true,"adViewableGmBeaconCheck":true,"spMq1Measure3PEnable":true,"bpMq1Measure1PEnable":true,"ipSpc1ReqEnable":true,"updateAdV2Query2StoreEnable":false,"spMq2ReqEnable":true,"bpSkRenderEnable":true,"lazyRenderCmp":false,"ipMq1Measure3PEnable":true,"ipMq1Measure1PEnable":true,"spSkReqEnable":true,"displayPreviousRenderCheck":true,"safeframeURL":"https://i5.walmartimages.com/dfw/63fd9f59-d6ba/07b8ea82-184c-4ea3-8ac0-5dc1981e40c8/v33/safeframe.html","hpMq1ReqEnable":true,"bpMq1Measure3PEnable":true,"displayPPMMode":true,"ipSpc1Measure1PEnable":true,"bpBigMeasure1PEnable":true,"sbaMwebRedesignV1Enable":false,"ipSkMeasure3PEnable":true,"ipMq1ReqEnable":true,"ipMq2Measure1PEnable":true,"ipMq2Measure3PEnable":true,"hpMq2Measure3PEnable":true,"hpMq2Measure1PEnable":true,"spMq1ReqEnable":true,"spSpc1ReqEnable":true,"ipP3NMeasure1PEnable":true,"bpMq2Measure3PEnable":true,"displayDeduplication":true,"adCategoryTakeoverCheck":true,"blockInternal":true,"ipSkRenderEnable":true,"hpMq2ReqEnable":true,"ipMq2ReqEnable":true,"spSpc1Measure1PEnable":true,"ipMq2RenderEnable":true}},"search":{"_all_":{"enableLeftHandNav":false,"enableExternalInfoUrl":true,"fetchItemsV2Enable":true,"enableNewStackedRecallNoResult":true,"threeColumnGrid":false,"enableGIC":false,"fitmentModulesEnable":true,"bannerModulesEnable":true,"enableGrapqlQueryParams":true,"fitmentTopicPageEnable":true,"searchPersistentFilterEnable":false,"enableFulfillmentMethodDemo":false,"clientFetchTimeoutMs":15000,"fetchTimeoutMs":7000,"bookSlotPersistentFilterEnable":false,"postProcessedQueryEnable":true,"imageSizeEnum":4,"seoModulesEnable":true,"enableMaxWidth":false,"partialRenderEnable":true,"enablePortableFacets":false}}}},"enableGqlCsrRedirect":true,"nonce":"rO0fwibaC3yR24Ma","adSessionId":"99839538a2b9de15a620a25c655ff826;AID|com.wm.reflector|ACID|hasACID|TB_Latency_Tracker_100|TB_Navigation_Preload_01|TB_SFOU-100|vtc|TBV|_pxvid"}},"page":"/browse/[...seo]","query":{"seo":["food","chips","976759_976787_1001390"]},"buildId":"production_20220429T000259073Z-en-US","assetPrefix":"https://i5.walmartimages.com/dfw/63fd9f59-a745/9f24657f-1aa3-4e02-b75b-0963d3d7f75f/v2/en-US","runtimeConfig":{"nxApplicationName":"US-JOURNEY","isDev":false,"enableLatencyTrace":true,"enablePersistedQueries":false,"tenant":"WM_GLASS","tenantV2":{"bu":"WALMART-US","mart":"B2C"},"mockURL":"http://mock-backend.dev.walmart.com/","mock":true,"endpointMappings":{"operations":{"query configuration":"cegateway","query ContentPage":"cegateway","query checkItemCartEligibility":"cecxo","mutation MergeAndGetCart":"cecxo","query getGuestOrder":"cegateway","query PurchaseHistory":"cecph","mutation NotifyCapOneBannerSnooze":"cegateway","mutation CancelOrder":"cecph","query LastCallPage":"cegateway","query AdV2Display":"adsgateway","query GetCommPreference":"cegateway","query PurchasedProtectionPlans":"cecph","query ProtectionPlanDetail":"cecph","query subscriptions":"cegateway","query CartSubstitutions":"cegateway","query CartShopSimilar":"cegateway","query GetEarlyAccessLearnMoreData":"ceaccount","query PostCartLoadPage":"cegateway"},"queryStrings":{"step=cart":"cecxo","step=bookslot":"cecxo","entitytype=*":"ceorders","state=*":"ceorders","source=*":"ceorders"},"pages":{"*":"cegateway","/":"cegateway","/404":"cegateway","/account/*":"cegateway","/all-departments":"cegateway","/browse/*":"cegateway","/c/[...seo]":"cegateway","/ci-control":"cegateway","/cp/[...categoryParams]":"cegateway","/content/[...categoryParams]":"cegateway","/help/*":"cegateway","/ip/[...itemParams]":"cegateway","/lists/*":"cegateway","/my-items":"cegateway","/my-registries":"cegateway","/shop/*":"cegateway","/shop/[...seo]":"cegateway","/nonprofits/*":"cegateway","/orders/*":"ceorders","/partner/plus/*":"cegateway","/plus/*":"cegateway","/product/[...itemParams]":"cegateway","/registry/*":"cegateway","/reviews/*":"cegateway","/search/*":"cegateway","/seller/*":"cegateway","/services":"cegateway","/thankyou":"cecxo","/topic/[...seo]":"cegateway","/tp/*":"cegateway","/update-payment-method-form":"cegateway","/update-payment-method":"cegateway","/wallet/associate-discount":"cegateway","/subscriptions/manage":"cegateway","/cart":"cecxo","/pac":"cecxo"}},"googleMaps":{"checkAddressAPIKey":"AIzaSyCX5gh3yoq4316wUDxRpljFOwWA6_-BEMg","addressAPIKey":"AIzaSyBIAnB1a3UejjFVRNtszhaEE8yrKySRTEo","geoCodingAPIKey":"AIzaSyBvv63fBVZ1RtNJLGkN9XCFE1WfVl0o1HY","riseMapAPIKey":{"dev":"AIzaSyA9K6pBcYvCp4_FxKHsPi-JDJfvcvSbtp0","defaultKey":"AIzaSyA0Gi6N7afDzAqBiPI3MlWDMaaxC5xKldM"}},"pulseBeacon":{"enable":true,"hostname":"i5.walmartimages.com","bd":"beacon.walmart.com","bh":"beacon.lightestwithqm.walmart.com","hostWithQM":"beacon.lightestwithqm.walmart.com","hostWithoutQM":"beacon.lightest.walmart.com"},"perimeterX":{"enable":true,"initScript":"https://www.walmart.com/px/PXu6b0qd2S/init.js"},"identity":{"context":{"signOutUrl":"https://www-e16.walmart.com/account/logout","signInPathname":"/account/login","createAccountPathname":"/account/signup"},"authFrameRoutes":{"frame":"/account/login","gxoSignin":"/account/login","gxoSignup":"/account/signup/gxo","reauthFrame":"/account/login"}},"threatMetrix":{"enable":true},"paymentsPageUrl":"https://wallet.walmart.com/payments?wv=main","paymentsChooserPageUrl":"https://wallet.walmart.com/payments/chooser","moatIvt":"https://www.walmart.com/swag/v2/ip-rd","appVersion":"main-496-cc0b9e","appSha":"cc0b9ef222673c5e2149959ef2c012261ddb6162","profile":"production","tmxOrgId":"hgy2n0ks","dataCenter":"scus","queryContext":{"appVersion":"main-496-cc0b9e","isPerimeterXTest":false,"gql":{"endpointsByName":{"ceaccount":"/orchestra/account/graphql","cecxo":"/orchestra/cartxo/graphql","cecph":"/orchestra/cph/graphql","adsgateway":"/swag/graphql","ceorders":"/orchestra/orders/graphql","cegateway":"/orchestra/home/graphql"}},"rest":{"endpointsByName":{"cereturns":"/orchestra/api/returns","ceaccount":"/orchestra/api/account","cehelp":"/orchestra/help/api","cehelpchat":"/orchestra/helpChat/api","ceidentity":"/orchestra/account/electrode/api/identity","typeahead":"/typeahead/v3/complete","espvalidation":"/esp/prepaid/v1/plans","warppaymentoptions":"/orchestra/api/online/variantbasic/item","cewarp":"/orchestra/api/warp","ceccm":"/orchestra/api/ccm/v1/bootstrap","cewireless":"/orchestra/api/wireless"}}}},"isFallback":false,"dynamicIds":[63446,46445,81410,73045,1911,8674,31140,58175,25200,44616],"customServer":true,"gip":true,"appGip":true,"locale":"en","locales":["en"],"defaultLocale":"en","scriptLoader":[]}</script><script nonce="rO0fwibaC3yR24Ma" src="//i5.walmartimages.com/a14/cdn-doms-usgm.js"></script><script async="async" defer="defer" nonce="rO0fwibaC3yR24Ma" src="//i5.walmartimages.com/a14/cdn-perf.min.js"></script><script nonce="rO0fwibaC3yR24Ma">window.SW_DOMAIN = "walmart.com"</script><script nonce="rO0fwibaC3yR24Ma">(function(e){var t=e.document;BOOMR=e.BOOMR||{};BOOMR.plugins=BOOMR.plugins||{};var n={localStorageTestKey:"TorbitLSTest",pageTags:[],pageConversions:[],initHasRun:false};BOOMR.plugins.pageMeta={init:function(r){initHasRun=true;try{localStorage.setItem(n.localStorageTestKey,n.localStorageTestKey);localStorage.removeItem(n.localStorageTestKey);BOOMR.addVar("ls",1)}catch(i){BOOMR.addVar("ls",0)}if(e.location.protocol=="https:")BOOMR.addVar("prt",1);else BOOMR.addVar("prt",0);BOOMR.addVar("ref",t.referrer);if(e.performance&&e.performance.memory){for(m_name in e.performance.memory){if(e.performance.memory.hasOwnProperty(m_name)){BOOMR.addVar(m_name,e.performance.memory[m_name])}}}BOOMR.addVar("wH",e.innerHeight||t.body.clientHeight||t.documentElement.clientHeight);BOOMR.addVar("tags",n.pageTags.join("|"));return this},addTag:function(e){n.pageTags.push(e);if(!n.initHasRun){return}BOOMR.addVar("tags",n.pageTags.join("|"))},addConversion:function(e,t){var r=e;if(t&&(t>0||t.length>0))r=e+"="+t;n.pageConversions.push(r);BOOMR.addVar("conversion",n.pageConversions.join("|"))},is_complete:function(){return true}}})(window);(function(e){try{e._tbq=e._tbq||[];_tbq.push=function(e){if(e.length<1||!e[0])return;switch(e[0]){case"tag":if(e.length<2)return;BOOMR.plugins.pageMeta.addTag(e[1]);break;case"startTimer":if(e.length<2)return;BOOMR.plugins.customEvents.startTimer(e[1]);break;case"endTimer":if(e.length<2)return;BOOMR.plugins.customEvents.endTimer(e[1]);break}};for(i in _tbq){if(_tbq.hasOwnProperty(i)&&i!="push"){_tbq.push(_tbq[i]);delete _tbq[i]}}}catch(t){}})(window);</script><script nonce="rO0fwibaC3yR24Ma">window._pxAppId = 'PXu6b0qd2S'</script><script async="async" defer="defer" nonce="rO0fwibaC3yR24Ma" src="/px/PXu6b0qd2S/init.js"></script><next-route-announcer><p aria-live="assertive" id="__next-route-announcer__" role="alert" style="border: 0px none; clip: rect(0px, 0px, 0px, 0px); height: 1px; margin: -1px; overflow: hidden; padding: 0px; position: absolute; width: 1px; white-space: nowrap; overflow-wrap: normal;"></p></next-route-announcer></body></html>